
<record>
  <leader>03599cas a2200493 a 4500</leader>
  <controlfield tag="001">11143146</controlfield>
  <controlfield tag="005">20200103174050.0</controlfield>
  <controlfield tag="008">820924c19169999sa wr p       0    0afr  </controlfield>
  <datafield tag="906" ind1=" " ind2=" ">
    <subfield code="a">7</subfield>
    <subfield code="b">cbc</subfield>
    <subfield code="c">serials</subfield>
    <subfield code="d">u</subfield>
    <subfield code="e">ncip</subfield>
    <subfield code="f">19</subfield>
    <subfield code="g">n-oclcserc</subfield>
  </datafield>
  <datafield tag="925" ind1="0" ind2=" ">
    <subfield code="a">Acquire</subfield>
    <subfield code="b">1 shelf copy</subfield>
    <subfield code="x">mlp</subfield>
  </datafield>
  <datafield tag="955" ind1=" " ind2=" ">
    <subfield code="g">bc06 2014-08-08 to SER</subfield>
    <subfield code="g">bc06 2014-10-09 to SER</subfield>
    <subfield code="g">bc06 2015-01-09 to SER</subfield>
    <subfield code="g">bc06 2015-01-16 to SER</subfield>
    <subfield code="g">bc06 2015-11-12 to SER</subfield>
    <subfield code="g">bc06 2015-11-13 to SER</subfield>
    <subfield code="g">bc06 2015-11-16 to SER</subfield>
    <subfield code="g">bc06 2015-11-18 to SER</subfield>
    <subfield code="g">bc06 2015-11-19 to SER</subfield>
    <subfield code="g">bc06 2016-02-22 to SER</subfield>
    <subfield code="g">bc06 2016-02-23 to SER</subfield>
    <subfield code="g">bc06 2016-07-11 to SER (OT)</subfield>
    <subfield code="g">bc06 2016-07-15 to (telework) SER</subfield>
    <subfield code="g">bc06 2016-07-18 to (telework) SER</subfield>
    <subfield code="g">bc06 2016-11-04 (telework) to SER</subfield>
    <subfield code="g">bc06 2017-02-03 (telework) to SER</subfield>
    <subfield code="g">bc06 2017-04-24 (telework) to SER</subfield>
    <subfield code="g">bc06 2017-06-23 (telework) to SER</subfield>
    <subfield code="g">bc06 2017-09-08 (telework) to SER</subfield>
    <subfield code="g">bc06 2017-12-08 (telework) to SER</subfield>
    <subfield code="g">bc06 2017-12-11 (telework/credit) to SER</subfield>
    <subfield code="g">bc06 2018-01-18 to SER</subfield>
    <subfield code="g">bc06 2018-05-11 (telework) to SER</subfield>
    <subfield code="g">bc06 2018-05-14 (telework) to SER</subfield>
    <subfield code="g">bc06 2018-05-21 (telework/credit) to SER</subfield>
    <subfield code="g">bc06 2018-06-30 (overtime) to SER</subfield>
    <subfield code="g">bc06 2018-09-06 to SER</subfield>
    <subfield code="g">bc06 2018-11-09 (telework/credit) to SER</subfield>
    <subfield code="g">bc06 2018-11-16 (telework) to SER</subfield>
    <subfield code="g">bc06 2018-11-26 (telework/credit) to SER</subfield>
    <subfield code="g">bc06 2018-11-30 (telework) to SER</subfield>
    <subfield code="g">bc06 2019-03-29 (telework/credit) to SER</subfield>
    <subfield code="g">bc06 2019-04-01 (telework) to SER</subfield>
    <subfield code="g">bc06 2019-04-05 (telework) to SER</subfield>
    <subfield code="g">bc06 2019-04-08 (telework) to SER</subfield>
    <subfield code="g">bc06 2019-04-12 (telework) to SER</subfield>
  </datafield>
  <datafield tag="955" ind1=" " ind2=" ">
    <subfield code="g">bc06 2019-04-15 (telework) to SER</subfield>
    <subfield code="g">bc06 2019-04-19 (telework/credit) to SER</subfield>
    <subfield code="g">bc06 2019-04-22 (telework) to SER</subfield>
    <subfield code="g">bc06 2019-04-26 (telework) to SER</subfield>
    <subfield code="g">bc06 2019-05-03 (telework/overtime) to SER</subfield>
    <subfield code="g">bc06 2019-08-12 (telework) to SER</subfield>
    <subfield code="g">bc06 2019-08-30 (telework/credit) to SER</subfield>
    <subfield code="g">bc06 2019-09-27 (telework/credit) to SER</subfield>
    <subfield code="g">bc06 2019-09-30 (telework) to SER</subfield>
    <subfield code="g">bc06 2019-10-07 (telework) to SER</subfield>
    <subfield code="g">bc06 2019-10-25 (telework/credit) to SER</subfield>
    <subfield code="g">bc06 2019-11-18 (telework) to SER</subfield>
    <subfield code="g">bc06 2019-11-22 (telework) to SER</subfield>
    <subfield code="g">bc06 2019-11-25 (telework) to SER</subfield>
    <subfield code="g">bc06 2019-11-29 (telework) to SER</subfield>
    <subfield code="g">bc06 2019-12-02 (telework) to SER</subfield>
    <subfield code="g">bc06 2019-12-06 (telework) to SER</subfield>
    <subfield code="g">bc06 2019-12-09 (telework) to SER</subfield>
    <subfield code="g">bc06 2019-12-13 (telework) to SER</subfield>
    <subfield code="g">bc06 2019-12-16 (telework) to SER</subfield>
    <subfield code="g">bc06 2020-01-03 (telework/credit) to SER</subfield>
  </datafield>
  <datafield tag="010" ind1=" " ind2=" ">
    <subfield code="a">   47040237                   </subfield>
  </datafield>
  <datafield tag="035" ind1=" " ind2=" ">
    <subfield code="a">(OCoLC)ocm08804223</subfield>
  </datafield>
  <datafield tag="040" ind1=" " ind2=" ">
    <subfield code="a">DLC</subfield>
    <subfield code="b">eng</subfield>
    <subfield code="c">EEM</subfield>
    <subfield code="d">IUL</subfield>
    <subfield code="d">DLC</subfield>
    <subfield code="d">CRL</subfield>
    <subfield code="d">OCLCQ</subfield>
    <subfield code="d">P4A</subfield>
  </datafield>
  <datafield tag="042" ind1=" " ind2=" ">
    <subfield code="a">pcc</subfield>
  </datafield>
  <datafield tag="050" ind1="0" ind2="0">
    <subfield code="a">AP17</subfield>
    <subfield code="b">.H85</subfield>
  </datafield>
  <datafield tag="245" ind1="0" ind2="4">
    <subfield code="a">Die Huisgenoot.</subfield>
  </datafield>
  <datafield tag="246" ind1="3" ind2="0">
    <subfield code="a">Huis genoot</subfield>
  </datafield>
  <datafield tag="260" ind1=" " ind2=" ">
    <subfield code="a">Kaapstad :</subfield>
    <subfield code="b">Nasionale Pers</subfield>
  </datafield>
  <datafield tag="300" ind1=" " ind2=" ">
    <subfield code="a">volumes :</subfield>
    <subfield code="b">illustrations ;</subfield>
    <subfield code="c">28-39 cm</subfield>
  </datafield>
  <datafield tag="310" ind1=" " ind2=" ">
    <subfield code="a">Weekly</subfield>
  </datafield>
  <datafield tag="336" ind1=" " ind2=" ">
    <subfield code="a">text</subfield>
    <subfield code="b">txt</subfield>
    <subfield code="2">rdacontent</subfield>
  </datafield>
  <datafield tag="337" ind1=" " ind2=" ">
    <subfield code="a">unmediated</subfield>
    <subfield code="b">n</subfield>
    <subfield code="2">rdamedia</subfield>
  </datafield>
  <datafield tag="338" ind1=" " ind2=" ">
    <subfield code="a">volume</subfield>
    <subfield code="b">nc</subfield>
    <subfield code="2">rdacarrier</subfield>
  </datafield>
  <datafield tag="362" ind1="1" ind2=" ">
    <subfield code="a">Began in 1916.</subfield>
  </datafield>
  <datafield tag="500" ind1=" " ind2=" ">
    <subfield code="a">&quot;Geïllustreerd weekblad.&quot;</subfield>
  </datafield>
  <datafield tag="515" ind1=" " ind2=" ">
    <subfield code="a">Issues for 1963-&lt;Nov. 22, 1968&gt; called: D. 42.</subfield>
  </datafield>
  <datafield tag="530" ind1=" " ind2=" ">
    <subfield code="a">Also issued on microfilm from South Africa Library.</subfield>
  </datafield>
  <datafield tag="588" ind1=" " ind2=" ">
    <subfield code="a">Description based on: D. 22, no. 824 (7 Jan. 1938); title from cover.</subfield>
  </datafield>
  <datafield tag="588" ind1=" " ind2=" ">
    <subfield code="a">Latest issue consulted: No. 3685 (13 Jun. 1991).</subfield>
  </datafield>
  <datafield tag="590" ind1=" " ind2=" ">
    <subfield code="a">SERBIB/SERLOC merged record</subfield>
  </datafield>
  <datafield tag="592" ind1=" " ind2=" ">
    <subfield code="a">ACQN: aq 94012803</subfield>
  </datafield>
  <datafield tag="592" ind1=" " ind2=" ">
    <subfield code="a">Weekly</subfield>
  </datafield>
  <datafield tag="592" ind1=" " ind2=" ">
    <subfield code="a">purchase order# 315055</subfield>
  </datafield>
  <datafield tag="776" ind1="0" ind2=" ">
    <subfield code="a">Microfilm</subfield>
    <subfield code="c">South Africa Library</subfield>
    <subfield code="w">(DLC)sn 92020367</subfield>
    <subfield code="w">(OCoLC)26141606</subfield>
  </datafield>
  <datafield tag="776" ind1="0" ind2="8">
    <subfield code="i">Online version:</subfield>
    <subfield code="t">Huisgenoot</subfield>
    <subfield code="w">(OCoLC)761916052</subfield>
  </datafield>
  <datafield tag="850" ind1=" " ind2=" ">
    <subfield code="a">DLC</subfield>
    <subfield code="a">ICRL</subfield>
    <subfield code="a">InU</subfield>
  </datafield>
  <datafield tag="890" ind1=" " ind2=" ">
    <subfield code="a">Huisgenoot (Capetown, S. Africa)</subfield>
    <subfield code="i">47-40237</subfield>
  </datafield>
  <datafield tag="920" ind1=" " ind2=" ">
    <subfield code="a">Keep 1</subfield>
  </datafield>
  <datafield tag="923" ind1=" " ind2=" ">
    <subfield code="a">purchase</subfield>
    <subfield code="s">Argo Publications; 93000284</subfield>
  </datafield>
  <datafield tag="923" ind1=" " ind2=" ">
    <subfield code="a">Purchase</subfield>
    <subfield code="s">Acura (V00011048)</subfield>
  </datafield>
  <datafield tag="984" ind1=" " ind2=" ">
    <subfield code="a">srvf</subfield>
    <subfield code="d">2001-08-23</subfield>
  </datafield>
  <datafield tag="991" ind1=" " ind2=" ">
    <subfield code="b">c-GenColl</subfield>
    <subfield code="h">AP17</subfield>
    <subfield code="i">.H85</subfield>
    <subfield code="w">SERIALS</subfield>
  </datafield>
</record>