
<record>
  <leader>11371cas a2201837   4500</leader>
  <controlfield tag="001">11186615</controlfield>
  <controlfield tag="005">20200103162202.0</controlfield>
  <controlfield tag="008">750311c19uu9999sa wr p       0   a0eng  </controlfield>
  <datafield tag="906" ind1=" " ind2=" ">
    <subfield code="a">7</subfield>
    <subfield code="b">cbc</subfield>
    <subfield code="c">serials</subfield>
    <subfield code="d">4</subfield>
    <subfield code="e">ncip</subfield>
    <subfield code="f">19</subfield>
    <subfield code="g">n-oclcserc</subfield>
  </datafield>
  <datafield tag="925" ind1="0" ind2=" ">
    <subfield code="a">Acquire</subfield>
    <subfield code="b">1 shelf copy</subfield>
    <subfield code="x">mlp</subfield>
  </datafield>
  <datafield tag="955" ind1=" " ind2=" ">
    <subfield code="g">bc06 2015-11-19 to SER</subfield>
    <subfield code="g">bc06 2016-02-22 to SER</subfield>
    <subfield code="g">bc06 2016-07-15 to (telework) SER</subfield>
    <subfield code="g">bc06 2016-07-18 to (telework) SER</subfield>
    <subfield code="g">bc06 2016-07-25 to (telework) SER</subfield>
    <subfield code="g">bc06 2016-11-18 (telework) to SER</subfield>
    <subfield code="g">bc06 2016-12-05 (telework) to SER</subfield>
    <subfield code="g">bc06 2017-04-24 (telework) to SER</subfield>
    <subfield code="g">bc06 2017-06-12 (telework) to SER</subfield>
    <subfield code="g">bc06 2017-06-23 (telework) to SER</subfield>
    <subfield code="g">bc06 2017-06-26 (telework) to SER</subfield>
    <subfield code="g">bc06 2017-09-08 (telework) to SER</subfield>
    <subfield code="g">bc06 2017-09-08 (telework) to SER</subfield>
    <subfield code="g">bc06 2018-06-01 (telework) to SER</subfield>
    <subfield code="g">bc06 2018-06-04 (telework) to SER</subfield>
    <subfield code="g">bc06 2018-06-30 (overtime) to SER</subfield>
    <subfield code="g">bc06 2018-07-09 (telework) to SER</subfield>
    <subfield code="g">bc06 2018-09-14 (telework) to SER</subfield>
    <subfield code="g">bc06 2018-09-17 (telework) to SER</subfield>
    <subfield code="g">bc06 2018-09-21 (telework) to SER</subfield>
    <subfield code="g">bc06 2018-09-24 (telework) to SER</subfield>
    <subfield code="g">bc06 2018-09-28 (telework) to SER</subfield>
    <subfield code="g">bc06 2018-10-12 (telework) to SER</subfield>
    <subfield code="g">bc06 2018-10-15 (telework) to SER</subfield>
    <subfield code="g">bc06 2018-10-19 (telework) to SER</subfield>
    <subfield code="g">bc06 2018-10-22 (telework) to SER</subfield>
    <subfield code="g">bc06 2019-06-07 (telework/credit) to SER</subfield>
  </datafield>
  <datafield tag="955" ind1=" " ind2=" ">
    <subfield code="g">bc06 2019-06-10 (telework) to SER</subfield>
    <subfield code="g">bc06 2019-10-25 (telework/credit) to SER</subfield>
    <subfield code="g">bc06 2019-10-28 (telework) to SER</subfield>
    <subfield code="g">bc06 2019-11-08 (telework/credit) to SER</subfield>
    <subfield code="g">bc06 2019-11-18 (telework) to SER</subfield>
    <subfield code="g">bc06 2019-11-22 (telework) to SER</subfield>
    <subfield code="g">bc06 2019-11-25 (telework) to SER</subfield>
    <subfield code="g">bc06 2019-11-29 (telework) to SER</subfield>
    <subfield code="g">bc06 2019-12-02 (telework) to SER</subfield>
    <subfield code="g">bc06 2019-12-06 (telework) to SER</subfield>
    <subfield code="g">bc06 2019-12-09 (telework) to SER</subfield>
    <subfield code="g">bc06 2019-12-13 (telework) to SER</subfield>
    <subfield code="g">bc06 2019-12-16 (telework) to SER</subfield>
    <subfield code="g">bc06 2019-12-20 (telework) to SER</subfield>
    <subfield code="g">bc06 2019-12-23 (telework/credit) to SER</subfield>
    <subfield code="g">bc06 2020-01-03 (telework/credit) to SER</subfield>
  </datafield>
  <datafield tag="010" ind1=" " ind2=" ">
    <subfield code="a">   75640263 </subfield>
  </datafield>
  <datafield tag="022" ind1="0" ind2=" ">
    <subfield code="a">0015-2013</subfield>
    <subfield code="l">0015-2013</subfield>
    <subfield code="2">0</subfield>
  </datafield>
  <datafield tag="035" ind1=" " ind2=" ">
    <subfield code="a">(OCoLC)ocm01798164</subfield>
  </datafield>
  <datafield tag="040" ind1=" " ind2=" ">
    <subfield code="a">DLC</subfield>
    <subfield code="b">eng</subfield>
    <subfield code="c">DLC</subfield>
    <subfield code="d">NSD</subfield>
    <subfield code="d">DLC</subfield>
    <subfield code="d">NST</subfield>
    <subfield code="d">AIP</subfield>
    <subfield code="d">IUL</subfield>
    <subfield code="d">DLC</subfield>
    <subfield code="d">NST</subfield>
    <subfield code="d">NSD</subfield>
    <subfield code="d">NYP</subfield>
    <subfield code="d">IUL</subfield>
    <subfield code="d">DLC</subfield>
    <subfield code="d">GUA</subfield>
    <subfield code="d">OCLCQ</subfield>
    <subfield code="d">DLC</subfield>
    <subfield code="d">IUL</subfield>
    <subfield code="d">HLS</subfield>
    <subfield code="d">HUL</subfield>
    <subfield code="d">CUS</subfield>
    <subfield code="d">CLU</subfield>
    <subfield code="d">OCLCQ</subfield>
    <subfield code="d">OCLCO</subfield>
    <subfield code="d">DLC</subfield>
    <subfield code="d">OCLCQ</subfield>
    <subfield code="d">OCLCF</subfield>
    <subfield code="d">OCLCO</subfield>
    <subfield code="d">OCLCA</subfield>
    <subfield code="d">DLC</subfield>
    <subfield code="d">L2U</subfield>
    <subfield code="d">OCLCQ</subfield>
    <subfield code="d">AU@</subfield>
  </datafield>
  <datafield tag="042" ind1=" " ind2=" ">
    <subfield code="a">pcc</subfield>
    <subfield code="a">nsdp</subfield>
  </datafield>
  <datafield tag="043" ind1=" " ind2=" ">
    <subfield code="a">f-sa---</subfield>
  </datafield>
  <datafield tag="050" ind1="0" ind2="0">
    <subfield code="a">HG46</subfield>
    <subfield code="b">.S6</subfield>
  </datafield>
  <datafield tag="082" ind1="0" ind2="4">
    <subfield code="a">332/.0968</subfield>
  </datafield>
  <datafield tag="210" ind1="0" ind2=" ">
    <subfield code="a">Financ. mail</subfield>
  </datafield>
  <datafield tag="222" ind1=" " ind2="0">
    <subfield code="a">Financial mail</subfield>
  </datafield>
  <datafield tag="245" ind1="0" ind2="0">
    <subfield code="a">Financial mail.</subfield>
  </datafield>
  <datafield tag="260" ind1=" " ind2=" ">
    <subfield code="a">[Johannesburg],</subfield>
    <subfield code="b">[S.A.A.N. Ltd.]</subfield>
  </datafield>
  <datafield tag="300" ind1=" " ind2=" ">
    <subfield code="a">volumes</subfield>
    <subfield code="b">illustrations</subfield>
    <subfield code="c">29 cm</subfield>
  </datafield>
  <datafield tag="310" ind1=" " ind2=" ">
    <subfield code="a">Weekly</subfield>
  </datafield>
  <datafield tag="336" ind1=" " ind2=" ">
    <subfield code="a">text</subfield>
    <subfield code="b">txt</subfield>
    <subfield code="2">rdacontent</subfield>
  </datafield>
  <datafield tag="337" ind1=" " ind2=" ">
    <subfield code="a">unmediated</subfield>
    <subfield code="b">n</subfield>
    <subfield code="2">rdamedia</subfield>
  </datafield>
  <datafield tag="338" ind1=" " ind2=" ">
    <subfield code="a">volume</subfield>
    <subfield code="b">nc</subfield>
    <subfield code="2">rdacarrier</subfield>
  </datafield>
  <datafield tag="525" ind1=" " ind2=" ">
    <subfield code="a">Supplements accompany some issues.</subfield>
  </datafield>
  <datafield tag="525" ind1=" " ind2=" ">
    <subfield code="a">Some issues accompanied by CD-ROMs.</subfield>
  </datafield>
  <datafield tag="580" ind1=" " ind2=" ">
    <subfield code="a">Supplements include: Property mail, 1968-72; Top companies, 1967- ; Computer mail, 1986- ; Advertising focus, 1992; Ad focus, 1993- ; Personal wealth, 1996- ; Financial mail survey, &lt;Sept. 2003-&gt;; Budget, &lt;2003-&gt;; Property handbook, 2003-; South Africa in ..., &lt;2005-&gt;; Your guide to corporate essentials Southern Africa, &lt;2007-&gt;</subfield>
  </datafield>
  <datafield tag="580" ind1=" " ind2=" ">
    <subfield code="a">Absorbed: Property mail, May 12, 1972; and: Computer mail, July 1997.</subfield>
  </datafield>
  <datafield tag="588" ind1=" " ind2=" ">
    <subfield code="a">Latest issue consulted: Vol. 190, no. 8 (Mar. 2, 2007).</subfield>
  </datafield>
  <datafield tag="590" ind1=" " ind2=" ">
    <subfield code="a">SERBIB/SERLOC merged record</subfield>
  </datafield>
  <datafield tag="592" ind1=" " ind2=" ">
    <subfield code="a">purchase order# 315045</subfield>
  </datafield>
  <datafield tag="650" ind1=" " ind2="0">
    <subfield code="a">Finance</subfield>
    <subfield code="z">South Africa</subfield>
    <subfield code="v">Periodicals.</subfield>
  </datafield>
  <datafield tag="650" ind1=" " ind2="0">
    <subfield code="a">Industries</subfield>
    <subfield code="z">South Africa</subfield>
    <subfield code="v">Periodicals.</subfield>
  </datafield>
  <datafield tag="651" ind1=" " ind2="0">
    <subfield code="a">South Africa</subfield>
    <subfield code="x">Commerce</subfield>
    <subfield code="v">Periodicals.</subfield>
  </datafield>
  <datafield tag="650" ind1=" " ind2="7">
    <subfield code="a">Commerce.</subfield>
    <subfield code="2">fast</subfield>
    <subfield code="0">(OCoLC)fst00869279</subfield>
  </datafield>
  <datafield tag="650" ind1=" " ind2="7">
    <subfield code="a">Finance.</subfield>
    <subfield code="2">fast</subfield>
    <subfield code="0">(OCoLC)fst00924349</subfield>
  </datafield>
  <datafield tag="650" ind1=" " ind2="7">
    <subfield code="a">Industries.</subfield>
    <subfield code="2">fast</subfield>
    <subfield code="0">(OCoLC)fst00971852</subfield>
  </datafield>
  <datafield tag="651" ind1=" " ind2="7">
    <subfield code="a">South Africa.</subfield>
    <subfield code="2">fast</subfield>
    <subfield code="0">(OCoLC)fst01204616</subfield>
  </datafield>
  <datafield tag="655" ind1=" " ind2="7">
    <subfield code="a">Periodicals.</subfield>
    <subfield code="2">fast</subfield>
    <subfield code="0">(OCoLC)fst01411641</subfield>
  </datafield>
  <datafield tag="655" ind1=" " ind2="0">
    <subfield code="a">Electronic journals.</subfield>
  </datafield>
  <datafield tag="655" ind1=" " ind2="7">
    <subfield code="a">Periodicals.</subfield>
    <subfield code="2">lcgft</subfield>
  </datafield>
  <datafield tag="770" ind1="1" ind2=" ">
    <subfield code="t">Advertising focus</subfield>
    <subfield code="g">1992</subfield>
    <subfield code="w">(DLC)   00233069</subfield>
    <subfield code="w">(OCoLC)45657639</subfield>
  </datafield>
  <datafield tag="770" ind1="1" ind2=" ">
    <subfield code="t">Property mail</subfield>
    <subfield code="w">(OCoLC)5885549</subfield>
    <subfield code="g">1968-72</subfield>
  </datafield>
  <datafield tag="770" ind1="1" ind2=" ">
    <subfield code="t">Top companies</subfield>
    <subfield code="w">(DLC)   76645794</subfield>
    <subfield code="w">(OCoLC)2481951</subfield>
    <subfield code="g">1967-</subfield>
  </datafield>
  <datafield tag="770" ind1="1" ind2=" ">
    <subfield code="t">Computer mail</subfield>
    <subfield code="w">(DLC)   86644256</subfield>
    <subfield code="w">(OCoLC)13959752</subfield>
  </datafield>
  <datafield tag="770" ind1="1" ind2=" ">
    <subfield code="t">Personal wealth</subfield>
    <subfield code="w">(DLC)sn 96044838</subfield>
    <subfield code="w">(OCoLC)35975929</subfield>
  </datafield>
  <datafield tag="770" ind1="1" ind2=" ">
    <subfield code="t">Ad focus</subfield>
    <subfield code="g">1992</subfield>
    <subfield code="w">(DLC)   00233034</subfield>
    <subfield code="w">(OCoLC)45657654</subfield>
  </datafield>
  <datafield tag="770" ind1="1" ind2=" ">
    <subfield code="t">Budget (Financial mail)</subfield>
    <subfield code="w">(DLC)  2007223130</subfield>
    <subfield code="w">(OCoLC)184985921</subfield>
  </datafield>
  <datafield tag="770" ind1="1" ind2=" ">
    <subfield code="t">Property handbook</subfield>
    <subfield code="w">(DLC)  2007223129</subfield>
    <subfield code="w">(OCoLC)52527478</subfield>
  </datafield>
  <datafield tag="770" ind1="1" ind2=" ">
    <subfield code="t">South Africa in ...</subfield>
    <subfield code="w">(DLC)  2007223131</subfield>
    <subfield code="w">(OCoLC)184985974</subfield>
  </datafield>
  <datafield tag="770" ind1="1" ind2=" ">
    <subfield code="t">Your guide to corporate essentials Southern Africa</subfield>
    <subfield code="w">(DLC)  2012257235</subfield>
    <subfield code="w">(OCoLC)816349165</subfield>
  </datafield>
  <datafield tag="776" ind1="0" ind2="8">
    <subfield code="i">Online version:</subfield>
    <subfield code="t">Financial mail (Online)</subfield>
    <subfield code="w">(OCoLC)60623858</subfield>
  </datafield>
  <datafield tag="780" ind1="0" ind2="0">
    <subfield code="t">Southern Africa financial mail</subfield>
    <subfield code="w">(DLC)   65074972</subfield>
    <subfield code="w">(OCoLC)829780</subfield>
  </datafield>
  <datafield tag="780" ind1="1" ind2="5">
    <subfield code="t">Property mail</subfield>
    <subfield code="w">(OCoLC)5885549</subfield>
  </datafield>
  <datafield tag="785" ind1="1" ind2="5">
    <subfield code="t">Computer mail</subfield>
    <subfield code="w">(DLC)   86644256</subfield>
    <subfield code="w">(OCoLC)13959752</subfield>
  </datafield>
  <datafield tag="850" ind1=" " ind2=" ">
    <subfield code="a">CLU</subfield>
    <subfield code="a">DLC</subfield>
    <subfield code="a">InU</subfield>
    <subfield code="a">MChB</subfield>
    <subfield code="a">ViBlbV</subfield>
  </datafield>
  <datafield tag="859" ind1="4" ind2="1">
    <subfield code="u">http://www.lexisnexis.com/us/lnacademic/api/version1/sf?shr=t&amp;sfi=AC00NBGenSrch&amp;csi=163767</subfield>
  </datafield>
  <datafield tag="859" ind1="4" ind2="1">
    <subfield code="3">Google</subfield>
    <subfield code="u">http://books.google.com/books?id=gEZPAQAAIAAJ</subfield>
  </datafield>
  <datafield tag="859" ind1="4" ind2="1">
    <subfield code="3">Google</subfield>
    <subfield code="u">http://books.google.com/books?id=_0dPAQAAIAAJ</subfield>
  </datafield>
  <datafield tag="859" ind1="4" ind2="1">
    <subfield code="3">Google</subfield>
    <subfield code="u">http://books.google.com/books?id=ZT9PAQAAIAAJ</subfield>
  </datafield>
  <datafield tag="859" ind1="4" ind2="1">
    <subfield code="3">Google</subfield>
    <subfield code="u">http://books.google.com/books?id=sUVPAQAAIAAJ</subfield>
  </datafield>
  <datafield tag="859" ind1="4" ind2="1">
    <subfield code="3">Google</subfield>
    <subfield code="u">http://books.google.com/books?id=lChPAQAAIAAJ</subfield>
  </datafield>
  <datafield tag="859" ind1="4" ind2="1">
    <subfield code="3">Google</subfield>
    <subfield code="u">http://books.google.com/books?id=ZilPAQAAIAAJ</subfield>
  </datafield>
  <datafield tag="859" ind1="4" ind2="1">
    <subfield code="3">Google</subfield>
    <subfield code="u">http://books.google.com/books?id=lhtQAQAAIAAJ</subfield>
  </datafield>
  <datafield tag="859" ind1="4" ind2="1">
    <subfield code="3">Google</subfield>
    <subfield code="u">http://books.google.com/books?id=yCpPAQAAIAAJ</subfield>
  </datafield>
  <datafield tag="859" ind1="4" ind2="1">
    <subfield code="3">Google</subfield>
    <subfield code="u">http://books.google.com/books?id=9CtPAQAAIAAJ</subfield>
  </datafield>
  <datafield tag="859" ind1="4" ind2="1">
    <subfield code="3">Google</subfield>
    <subfield code="u">http://books.google.com/books?id=skBPAQAAIAAJ</subfield>
  </datafield>
  <datafield tag="859" ind1="4" ind2="1">
    <subfield code="3">Google</subfield>
    <subfield code="u">http://books.google.com/books?id=YC5QAQAAIAAJ</subfield>
  </datafield>
  <datafield tag="859" ind1="4" ind2="1">
    <subfield code="3">Google</subfield>
    <subfield code="u">http://books.google.com/books?id=bCpPAQAAIAAJ</subfield>
  </datafield>
  <datafield tag="859" ind1="4" ind2="1">
    <subfield code="3">Google</subfield>
    <subfield code="u">http://books.google.com/books?id=4BlQAQAAIAAJ</subfield>
  </datafield>
  <datafield tag="859" ind1="4" ind2="1">
    <subfield code="3">Google</subfield>
    <subfield code="u">http://books.google.com/books?id=yD5PAQAAIAAJ</subfield>
  </datafield>
  <datafield tag="859" ind1="4" ind2="1">
    <subfield code="3">Google</subfield>
    <subfield code="u">http://books.google.com/books?id=_j1PAQAAIAAJ</subfield>
  </datafield>
  <datafield tag="859" ind1="4" ind2="1">
    <subfield code="3">Google</subfield>
    <subfield code="u">http://books.google.com/books?id=hChPAQAAIAAJ</subfield>
  </datafield>
  <datafield tag="859" ind1="4" ind2="1">
    <subfield code="3">Google</subfield>
    <subfield code="u">http://books.google.com/books?id=BixPAQAAIAAJ</subfield>
  </datafield>
  <datafield tag="859" ind1="4" ind2="1">
    <subfield code="3">Google</subfield>
    <subfield code="u">http://books.google.com/books?id=5kRPAQAAIAAJ</subfield>
  </datafield>
  <datafield tag="859" ind1="4" ind2="1">
    <subfield code="3">Google</subfield>
    <subfield code="u">http://books.google.com/books?id=0j9PAQAAIAAJ</subfield>
  </datafield>
  <datafield tag="859" ind1="4" ind2="1">
    <subfield code="3">Google</subfield>
    <subfield code="u">http://books.google.com/books?id=-ipPAQAAIAAJ</subfield>
  </datafield>
  <datafield tag="859" ind1="4" ind2="1">
    <subfield code="3">Google</subfield>
    <subfield code="u">http://books.google.com/books?id=LitPAQAAIAAJ</subfield>
  </datafield>
  <datafield tag="859" ind1="4" ind2="1">
    <subfield code="3">Google</subfield>
    <subfield code="u">http://books.google.com/books?id=kitPAQAAIAAJ</subfield>
  </datafield>
  <datafield tag="859" ind1="4" ind2="1">
    <subfield code="3">Google</subfield>
    <subfield code="u">http://books.google.com/books?id=nC1QAQAAIAAJ</subfield>
  </datafield>
  <datafield tag="859" ind1="4" ind2="1">
    <subfield code="3">Google</subfield>
    <subfield code="u">http://books.google.com/books?id=pCxQAQAAIAAJ</subfield>
  </datafield>
  <datafield tag="859" ind1="4" ind2="1">
    <subfield code="3">Google</subfield>
    <subfield code="u">http://books.google.com/books?id=gShPAQAAIAAJ</subfield>
  </datafield>
  <datafield tag="859" ind1="4" ind2="1">
    <subfield code="3">Google</subfield>
    <subfield code="u">http://books.google.com/books?id=6C9PAQAAIAAJ</subfield>
  </datafield>
  <datafield tag="859" ind1="4" ind2="1">
    <subfield code="3">Google</subfield>
    <subfield code="u">http://books.google.com/books?id=AkZPAQAAIAAJ</subfield>
  </datafield>
  <datafield tag="859" ind1="4" ind2="1">
    <subfield code="3">Google</subfield>
    <subfield code="u">http://books.google.com/books?id=yj5PAQAAIAAJ</subfield>
  </datafield>
  <datafield tag="859" ind1="4" ind2="1">
    <subfield code="3">Google</subfield>
    <subfield code="u">http://books.google.com/books?id=RS1PAQAAIAAJ</subfield>
  </datafield>
  <datafield tag="859" ind1="4" ind2="1">
    <subfield code="3">Google</subfield>
    <subfield code="u">http://books.google.com/books?id=llBPAQAAIAAJ</subfield>
  </datafield>
  <datafield tag="859" ind1="4" ind2="1">
    <subfield code="3">Google</subfield>
    <subfield code="u">http://books.google.com/books?id=vClPAQAAIAAJ</subfield>
  </datafield>
  <datafield tag="859" ind1="4" ind2="1">
    <subfield code="3">Google</subfield>
    <subfield code="u">http://books.google.com/books?id=5D9PAQAAIAAJ</subfield>
  </datafield>
  <datafield tag="859" ind1="4" ind2="1">
    <subfield code="3">Google</subfield>
    <subfield code="u">http://books.google.com/books?id=TklPAQAAIAAJ</subfield>
  </datafield>
  <datafield tag="859" ind1="4" ind2="1">
    <subfield code="3">Google</subfield>
    <subfield code="u">http://books.google.com/books?id=ICtPAQAAIAAJ</subfield>
  </datafield>
  <datafield tag="859" ind1="4" ind2="1">
    <subfield code="3">Google</subfield>
    <subfield code="u">http://books.google.com/books?id=9htQAQAAIAAJ</subfield>
  </datafield>
  <datafield tag="859" ind1="4" ind2="1">
    <subfield code="3">Google</subfield>
    <subfield code="u">http://books.google.com/books?id=JEFPAQAAIAAJ</subfield>
  </datafield>
  <datafield tag="859" ind1="4" ind2="1">
    <subfield code="3">Google</subfield>
    <subfield code="u">http://books.google.com/books?id=tClPAQAAIAAJ</subfield>
  </datafield>
  <datafield tag="859" ind1="4" ind2="1">
    <subfield code="3">Google</subfield>
    <subfield code="u">http://books.google.com/books?id=8CxPAQAAIAAJ</subfield>
  </datafield>
  <datafield tag="859" ind1="4" ind2="1">
    <subfield code="3">Google</subfield>
    <subfield code="u">http://books.google.com/books?id=YUVPAQAAIAAJ</subfield>
  </datafield>
  <datafield tag="859" ind1="4" ind2="1">
    <subfield code="3">Google</subfield>
    <subfield code="u">http://books.google.com/books?id=eixPAQAAIAAJ</subfield>
  </datafield>
  <datafield tag="859" ind1="4" ind2="1">
    <subfield code="3">Google</subfield>
    <subfield code="u">http://books.google.com/books?id=LStPAQAAIAAJ</subfield>
  </datafield>
  <datafield tag="859" ind1="4" ind2="1">
    <subfield code="3">Google</subfield>
    <subfield code="u">http://books.google.com/books?id=ByxPAQAAIAAJ</subfield>
  </datafield>
  <datafield tag="859" ind1="4" ind2="1">
    <subfield code="3">Google</subfield>
    <subfield code="u">http://books.google.com/books?id=sUdPAQAAIAAJ</subfield>
  </datafield>
  <datafield tag="859" ind1="4" ind2="1">
    <subfield code="3">Google</subfield>
    <subfield code="u">http://books.google.com/books?id=QCpPAQAAIAAJ</subfield>
  </datafield>
  <datafield tag="859" ind1="4" ind2="1">
    <subfield code="3">Google</subfield>
    <subfield code="u">http://books.google.com/books?id=_0RPAQAAIAAJ</subfield>
  </datafield>
  <datafield tag="859" ind1="4" ind2="1">
    <subfield code="3">Google</subfield>
    <subfield code="u">http://books.google.com/books?id=Wz5PAQAAIAAJ</subfield>
  </datafield>
  <datafield tag="859" ind1="4" ind2="1">
    <subfield code="3">Google</subfield>
    <subfield code="u">http://books.google.com/books?id=OklPAQAAIAAJ</subfield>
  </datafield>
  <datafield tag="859" ind1="4" ind2="1">
    <subfield code="3">Google</subfield>
    <subfield code="u">http://books.google.com/books?id=zEZPAQAAIAAJ</subfield>
  </datafield>
  <datafield tag="859" ind1="4" ind2="1">
    <subfield code="3">Google</subfield>
    <subfield code="u">http://books.google.com/books?id=dCtPAQAAIAAJ</subfield>
  </datafield>
  <datafield tag="859" ind1="4" ind2="1">
    <subfield code="3">Google</subfield>
    <subfield code="u">http://books.google.com/books?id=CRtQAQAAIAAJ</subfield>
  </datafield>
  <datafield tag="859" ind1="4" ind2="1">
    <subfield code="3">Google</subfield>
    <subfield code="u">http://books.google.com/books?id=6UFPAQAAIAAJ</subfield>
  </datafield>
  <datafield tag="859" ind1="4" ind2="1">
    <subfield code="3">Google</subfield>
    <subfield code="u">http://books.google.com/books?id=Z0VPAQAAIAAJ</subfield>
  </datafield>
  <datafield tag="859" ind1="4" ind2="1">
    <subfield code="3">Google</subfield>
    <subfield code="u">http://books.google.com/books?id=4itPAQAAIAAJ</subfield>
  </datafield>
  <datafield tag="859" ind1="4" ind2="1">
    <subfield code="3">Google</subfield>
    <subfield code="u">http://books.google.com/books?id=eT5PAQAAIAAJ</subfield>
  </datafield>
  <datafield tag="859" ind1="4" ind2="1">
    <subfield code="3">Google</subfield>
    <subfield code="u">http://books.google.com/books?id=2D9PAQAAIAAJ</subfield>
  </datafield>
  <datafield tag="859" ind1="4" ind2="1">
    <subfield code="3">Google</subfield>
    <subfield code="u">http://books.google.com/books?id=eyxPAQAAIAAJ</subfield>
  </datafield>
  <datafield tag="859" ind1="4" ind2="1">
    <subfield code="3">Google</subfield>
    <subfield code="u">http://books.google.com/books?id=Fy9PAQAAIAAJ</subfield>
  </datafield>
  <datafield tag="859" ind1="4" ind2="1">
    <subfield code="3">Google</subfield>
    <subfield code="u">http://books.google.com/books?id=ZUVPAQAAIAAJ</subfield>
  </datafield>
  <datafield tag="859" ind1="4" ind2="1">
    <subfield code="3">Google</subfield>
    <subfield code="u">http://books.google.com/books?id=jT5PAQAAIAAJ</subfield>
  </datafield>
  <datafield tag="859" ind1="4" ind2="1">
    <subfield code="3">Google</subfield>
    <subfield code="u">http://books.google.com/books?id=ASxPAQAAIAAJ</subfield>
  </datafield>
  <datafield tag="859" ind1="4" ind2="1">
    <subfield code="3">Google</subfield>
    <subfield code="u">http://books.google.com/books?id=10RPAQAAIAAJ</subfield>
  </datafield>
  <datafield tag="859" ind1="4" ind2="1">
    <subfield code="3">Google</subfield>
    <subfield code="u">http://books.google.com/books?id=LylPAQAAIAAJ</subfield>
  </datafield>
  <datafield tag="859" ind1="4" ind2="1">
    <subfield code="3">Google</subfield>
    <subfield code="u">http://books.google.com/books?id=FUBPAQAAIAAJ</subfield>
  </datafield>
  <datafield tag="859" ind1="4" ind2="1">
    <subfield code="3">Google</subfield>
    <subfield code="u">http://books.google.com/books?id=DS5QAQAAIAAJ</subfield>
  </datafield>
  <datafield tag="859" ind1="4" ind2="1">
    <subfield code="3">Google</subfield>
    <subfield code="u">http://books.google.com/books?id=-0BPAQAAIAAJ</subfield>
  </datafield>
  <datafield tag="859" ind1="4" ind2="1">
    <subfield code="3">Google</subfield>
    <subfield code="u">http://books.google.com/books?id=2T9PAQAAIAAJ</subfield>
  </datafield>
  <datafield tag="859" ind1="4" ind2="1">
    <subfield code="3">Google</subfield>
    <subfield code="u">http://books.google.com/books?id=mxpQAQAAIAAJ</subfield>
  </datafield>
  <datafield tag="859" ind1="4" ind2="1">
    <subfield code="3">Google</subfield>
    <subfield code="u">http://books.google.com/books?id=2EVPAQAAIAAJ</subfield>
  </datafield>
  <datafield tag="859" ind1="4" ind2="1">
    <subfield code="3">Google</subfield>
    <subfield code="u">http://books.google.com/books?id=H0ZPAQAAIAAJ</subfield>
  </datafield>
  <datafield tag="859" ind1="4" ind2="1">
    <subfield code="3">Google</subfield>
    <subfield code="u">http://books.google.com/books?id=2UdPAQAAIAAJ</subfield>
  </datafield>
  <datafield tag="859" ind1="4" ind2="1">
    <subfield code="3">Google</subfield>
    <subfield code="u">http://books.google.com/books?id=GihPAQAAIAAJ</subfield>
  </datafield>
  <datafield tag="859" ind1="4" ind2="1">
    <subfield code="3">Google</subfield>
    <subfield code="u">http://books.google.com/books?id=ckhPAQAAIAAJ</subfield>
  </datafield>
  <datafield tag="859" ind1="4" ind2="1">
    <subfield code="3">Google</subfield>
    <subfield code="u">http://books.google.com/books?id=XdWWAAAAIAAJ</subfield>
  </datafield>
  <datafield tag="859" ind1="4" ind2="1">
    <subfield code="3">Google</subfield>
    <subfield code="u">http://books.google.com/books?id=k4eWAAAAIAAJ</subfield>
  </datafield>
  <datafield tag="859" ind1="4" ind2="1">
    <subfield code="3">Google</subfield>
    <subfield code="u">http://books.google.com/books?id=5vOWAAAAIAAJ</subfield>
  </datafield>
  <datafield tag="859" ind1="4" ind2="1">
    <subfield code="3">Google</subfield>
    <subfield code="u">http://books.google.com/books?id=zJeZAAAAIAAJ</subfield>
  </datafield>
  <datafield tag="859" ind1="4" ind2="1">
    <subfield code="3">Google</subfield>
    <subfield code="u">http://books.google.com/books?id=_hCWAAAAIAAJ</subfield>
  </datafield>
  <datafield tag="859" ind1="4" ind2="1">
    <subfield code="3">Google</subfield>
    <subfield code="u">http://books.google.com/books?id=WWiWAAAAIAAJ</subfield>
  </datafield>
  <datafield tag="890" ind1=" " ind2=" ">
    <subfield code="a">Financial mail.  Johannesburg.  1959-  .</subfield>
    <subfield code="i">75-640263</subfield>
  </datafield>
  <datafield tag="920" ind1=" " ind2=" ">
    <subfield code="a">Keep 1</subfield>
  </datafield>
  <datafield tag="923" ind1=" " ind2=" ">
    <subfield code="a">Purchase</subfield>
    <subfield code="s">Argo (93000284)</subfield>
  </datafield>
  <datafield tag="923" ind1=" " ind2=" ">
    <subfield code="a">Purchase</subfield>
    <subfield code="s">Acura (V00011048)</subfield>
  </datafield>
  <datafield tag="984" ind1=" " ind2=" ">
    <subfield code="a">srvf</subfield>
    <subfield code="d">2002-08-19</subfield>
  </datafield>
  <datafield tag="991" ind1=" " ind2=" ">
    <subfield code="b">c-GenColl</subfield>
    <subfield code="h">HG46</subfield>
    <subfield code="i">.S6</subfield>
    <subfield code="w">SERIALS</subfield>
  </datafield>
  <datafield tag="991" ind1=" " ind2=" ">
    <subfield code="b">c-GenColl</subfield>
    <subfield code="h">HG46</subfield>
    <subfield code="i">.S6</subfield>
    <subfield code="p">00023758441</subfield>
    <subfield code="t">Copy 1</subfield>
    <subfield code="v">95-96:Mar-Apr 1985 * 8888</subfield>
    <subfield code="w">CCF</subfield>
  </datafield>
  <datafield tag="991" ind1=" " ind2=" ">
    <subfield code="b">c-GenColl</subfield>
    <subfield code="h">HG46</subfield>
    <subfield code="i">.S6</subfield>
    <subfield code="p">00023758453</subfield>
    <subfield code="t">Copy 1</subfield>
    <subfield code="v">95:Jan-Feb 1985 * 8888</subfield>
    <subfield code="w">CCF</subfield>
  </datafield>
  <datafield tag="991" ind1=" " ind2=" ">
    <subfield code="b">c-GenColl</subfield>
    <subfield code="h">HG46</subfield>
    <subfield code="i">.S6</subfield>
    <subfield code="p">00023758477</subfield>
    <subfield code="t">Copy 1</subfield>
    <subfield code="v">96:May-Jun 1985 * 8888</subfield>
    <subfield code="w">CCF</subfield>
  </datafield>
  <datafield tag="991" ind1=" " ind2=" ">
    <subfield code="b">c-GenColl</subfield>
    <subfield code="h">HG46</subfield>
    <subfield code="i">.S6</subfield>
    <subfield code="p">00023758283</subfield>
    <subfield code="t">Copy 1</subfield>
    <subfield code="v">97-98:Sept-Oct 1985 * 8888</subfield>
    <subfield code="w">CCF</subfield>
  </datafield>
  <datafield tag="991" ind1=" " ind2=" ">
    <subfield code="b">c-GenColl</subfield>
    <subfield code="h">HG46</subfield>
    <subfield code="i">.S6</subfield>
    <subfield code="p">00023758416</subfield>
    <subfield code="t">Copy 1</subfield>
    <subfield code="v">97:Jul-Aug 1985 * 8888</subfield>
    <subfield code="w">CCF</subfield>
  </datafield>
  <datafield tag="991" ind1=" " ind2=" ">
    <subfield code="b">c-GenColl</subfield>
    <subfield code="h">HG46</subfield>
    <subfield code="i">.S6</subfield>
    <subfield code="p">00023758465</subfield>
    <subfield code="t">Copy 1</subfield>
    <subfield code="v">98:Nov-Dec 1985 * 8888</subfield>
    <subfield code="w">CCF</subfield>
  </datafield>
  <datafield tag="991" ind1=" " ind2=" ">
    <subfield code="b">c-GenColl</subfield>
    <subfield code="h">HG46</subfield>
    <subfield code="i">.S6</subfield>
    <subfield code="p">00023757199</subfield>
    <subfield code="t">Copy 1</subfield>
    <subfield code="v">100:May 23-30 1986 * 8888</subfield>
    <subfield code="w">CCF</subfield>
  </datafield>
  <datafield tag="991" ind1=" " ind2=" ">
    <subfield code="b">c-GenColl</subfield>
    <subfield code="h">HG46</subfield>
    <subfield code="i">.S6</subfield>
    <subfield code="p">00023765524</subfield>
    <subfield code="t">Copy 1</subfield>
    <subfield code="v">103:Jan-Feb 1987 * 8888</subfield>
    <subfield code="w">CCF</subfield>
  </datafield>
  <datafield tag="991" ind1=" " ind2=" ">
    <subfield code="b">c-GenColl</subfield>
    <subfield code="h">HG46</subfield>
    <subfield code="i">.S6</subfield>
    <subfield code="p">00001584832</subfield>
    <subfield code="t">Copy 1</subfield>
    <subfield code="v">105:Aug-Sept * 8888</subfield>
    <subfield code="w">CCF</subfield>
  </datafield>
  <datafield tag="992" ind1=" " ind2=" ">
    <subfield code="b">Ser</subfield>
    <subfield code="w">SERLOC</subfield>
  </datafield>
</record>