
<record>
  <leader>03734cas a2200733 a 4500</leader>
  <controlfield tag="001">11288089</controlfield>
  <controlfield tag="005">20200103075645.0</controlfield>
  <controlfield tag="007">cr cn|||||||||</controlfield>
  <controlfield tag="008">801105c19809999njubr p       0   a0eng c</controlfield>
  <datafield tag="010" ind1=" " ind2=" ">
    <subfield code="a">   84646380 </subfield>
    <subfield code="z">sn 80002749 </subfield>
  </datafield>
  <datafield tag="016" ind1="7" ind2=" ">
    <subfield code="a">010491251</subfield>
    <subfield code="2">Uk</subfield>
  </datafield>
  <datafield tag="022" ind1="0" ind2=" ">
    <subfield code="a">0272-6963</subfield>
    <subfield code="l">0272-6963</subfield>
    <subfield code="2">1</subfield>
  </datafield>
  <datafield tag="035" ind1=" " ind2=" ">
    <subfield code="a">(OCoLC)ocm06904059 </subfield>
  </datafield>
  <datafield tag="037" ind1=" " ind2=" ">
    <subfield code="b">Elsevier Science B.V., P.O. Box 211, 1000 AE AMsterdam, The Netherlands</subfield>
  </datafield>
  <datafield tag="040" ind1=" " ind2=" ">
    <subfield code="a">NSD</subfield>
    <subfield code="b">eng</subfield>
    <subfield code="c">NSD</subfield>
    <subfield code="d">NST</subfield>
    <subfield code="d">DLC</subfield>
    <subfield code="d">NST</subfield>
    <subfield code="d">AIP</subfield>
    <subfield code="d">NST</subfield>
    <subfield code="d">DLC</subfield>
    <subfield code="d">AIP</subfield>
    <subfield code="d">IUL</subfield>
    <subfield code="d">NST</subfield>
    <subfield code="d">IUL</subfield>
    <subfield code="d">NST</subfield>
    <subfield code="d">IUL</subfield>
    <subfield code="d">CUS</subfield>
    <subfield code="d">IUL</subfield>
    <subfield code="d">NSD</subfield>
    <subfield code="d">IUL</subfield>
    <subfield code="d">OCLCQ</subfield>
    <subfield code="d">NLGGC</subfield>
    <subfield code="d">OCLCQ</subfield>
    <subfield code="d">ORZ</subfield>
    <subfield code="d">UKMGB</subfield>
    <subfield code="d">DLC</subfield>
    <subfield code="d">TULIB</subfield>
    <subfield code="d">KMS</subfield>
    <subfield code="d">OCLCF</subfield>
    <subfield code="d">OCLCO</subfield>
    <subfield code="d">OCLCA</subfield>
    <subfield code="d">OCLCQ</subfield>
    <subfield code="d">CSJ</subfield>
    <subfield code="d">OCLCQ</subfield>
    <subfield code="d">GILDS</subfield>
    <subfield code="d">OCLCO</subfield>
    <subfield code="d">CPO</subfield>
    <subfield code="d">OCLCQ</subfield>
    <subfield code="d">OCLCO</subfield>
    <subfield code="d">ZAS</subfield>
    <subfield code="d">OCLCO</subfield>
    <subfield code="d">DLC</subfield>
  </datafield>
  <datafield tag="042" ind1=" " ind2=" ">
    <subfield code="a">pcc</subfield>
    <subfield code="a">nsdp</subfield>
  </datafield>
  <datafield tag="050" ind1="0" ind2="0">
    <subfield code="a">TS155.A1</subfield>
    <subfield code="b">J68</subfield>
  </datafield>
  <datafield tag="082" ind1="0" ind2="4">
    <subfield code="a">658.5/005</subfield>
    <subfield code="2">19</subfield>
  </datafield>
  <datafield tag="210" ind1="0" ind2=" ">
    <subfield code="a">J. oper. manage.</subfield>
  </datafield>
  <datafield tag="222" ind1=" " ind2="0">
    <subfield code="a">Journal of operations management</subfield>
  </datafield>
  <datafield tag="245" ind1="0" ind2="0">
    <subfield code="a">Journal of operations management.</subfield>
  </datafield>
  <datafield tag="260" ind1=" " ind2=" ">
    <subfield code="a">Washington, D.C. :</subfield>
    <subfield code="b">American Production and Inventory Control Society,</subfield>
    <subfield code="c">©1980-</subfield>
  </datafield>
  <datafield tag="264" ind1="2" ind2="1">
    <subfield code="3">&lt;1991-&gt;:</subfield>
    <subfield code="a">Columbia, Missouri, :</subfield>
    <subfield code="b">University of Missouri-Columbia, College of Business and Public Administration</subfield>
  </datafield>
  <datafield tag="264" ind1="2" ind2="1">
    <subfield code="3">&lt;2002-&gt;:</subfield>
    <subfield code="a">Amsterdam, Netherlands, :</subfield>
    <subfield code="b">Elsevier</subfield>
  </datafield>
  <datafield tag="264" ind1="3" ind2="1">
    <subfield code="3">&lt;2019-&gt;:</subfield>
    <subfield code="a">Hoboken, NJ :</subfield>
    <subfield code="b">Wiley Subscription Services, Inc</subfield>
  </datafield>
  <datafield tag="300" ind1=" " ind2=" ">
    <subfield code="a">volumes :</subfield>
    <subfield code="b">illustrations ;</subfield>
    <subfield code="c">28 cm</subfield>
  </datafield>
  <datafield tag="310" ind1=" " ind2=" ">
    <subfield code="a">Bimonthly,</subfield>
    <subfield code="b">1999-</subfield>
  </datafield>
  <datafield tag="321" ind1=" " ind2=" ">
    <subfield code="a">Quarterly,</subfield>
    <subfield code="b">1980-1997</subfield>
  </datafield>
  <datafield tag="321" ind1=" " ind2=" ">
    <subfield code="a">5 no. a year,</subfield>
    <subfield code="b">1998</subfield>
  </datafield>
  <datafield tag="336" ind1=" " ind2=" ">
    <subfield code="a">text</subfield>
    <subfield code="b">txt</subfield>
    <subfield code="2">rdacontent</subfield>
  </datafield>
  <datafield tag="337" ind1=" " ind2=" ">
    <subfield code="a">unmediated</subfield>
    <subfield code="b">n</subfield>
    <subfield code="2">rdamedia</subfield>
  </datafield>
  <datafield tag="338" ind1=" " ind2=" ">
    <subfield code="a">volume</subfield>
    <subfield code="b">nc</subfield>
    <subfield code="2">rdacarrier</subfield>
  </datafield>
  <datafield tag="362" ind1="0" ind2=" ">
    <subfield code="a">Vol. 1, no. 1 (Aug. 1980)-</subfield>
  </datafield>
  <datafield tag="500" ind1=" " ind2=" ">
    <subfield code="a">Title from cover.</subfield>
  </datafield>
  <datafield tag="530" ind1=" " ind2=" ">
    <subfield code="a">Also issued via World Wide Web by subscription through ScienceDirect (Online service).</subfield>
  </datafield>
  <datafield tag="550" ind1=" " ind2=" ">
    <subfield code="a">Issued by: the American Production and Inventory Control Society and the University of Missouri--Columbia, &lt;1991-2001?&gt;</subfield>
  </datafield>
  <datafield tag="550" ind1=" " ind2=" ">
    <subfield code="a">Published by Elsevier in collaboration with: APICS, Educational &amp; Research Foundation, &lt;2002&gt;-</subfield>
  </datafield>
  <datafield tag="588" ind1=" " ind2=" ">
    <subfield code="a">Latest issue consulted: Volume 65, Issue 8 (December 2019) (surrogate).</subfield>
  </datafield>
  <datafield tag="590" ind1=" " ind2=" ">
    <subfield code="a">SERBIB/SERLOC merged record</subfield>
  </datafield>
  <datafield tag="650" ind1=" " ind2="0">
    <subfield code="a">Production management</subfield>
    <subfield code="v">Periodicals.</subfield>
  </datafield>
  <datafield tag="650" ind1=" " ind2="0">
    <subfield code="a">Management</subfield>
    <subfield code="v">Periodicals.</subfield>
  </datafield>
  <datafield tag="650" ind1=" " ind2="7">
    <subfield code="a">Management.</subfield>
    <subfield code="2">fast</subfield>
    <subfield code="0">(OCoLC)fst01007141</subfield>
  </datafield>
  <datafield tag="650" ind1=" " ind2="7">
    <subfield code="a">Production management.</subfield>
    <subfield code="2">fast</subfield>
    <subfield code="0">(OCoLC)fst01078309</subfield>
  </datafield>
  <datafield tag="650" ind1="1" ind2="7">
    <subfield code="a">Operations research.</subfield>
    <subfield code="2">gtt</subfield>
  </datafield>
  <datafield tag="655" ind1=" " ind2="7">
    <subfield code="a">Periodicals.</subfield>
    <subfield code="2">fast</subfield>
    <subfield code="0">(OCoLC)fst01411641</subfield>
  </datafield>
  <datafield tag="655" ind1=" " ind2="7">
    <subfield code="a">Periodicals.</subfield>
    <subfield code="2">lcgft</subfield>
  </datafield>
  <datafield tag="710" ind1="2" ind2=" ">
    <subfield code="a">American Production and Inventory Control Society.</subfield>
  </datafield>
  <datafield tag="710" ind1="2" ind2=" ">
    <subfield code="a">University of Missouri--Columbia.</subfield>
  </datafield>
  <datafield tag="710" ind1="2" ind2=" ">
    <subfield code="a">APICS Educational &amp; Research Foundation.</subfield>
  </datafield>
  <datafield tag="710" ind1="2" ind2=" ">
    <subfield code="a">Association for Supply Chain Management,</subfield>
    <subfield code="e">issuing body.</subfield>
  </datafield>
  <datafield tag="776" ind1="0" ind2="8">
    <subfield code="i">Online version:</subfield>
    <subfield code="t">Journal of operations management (Online)</subfield>
    <subfield code="w">(DLC)  2002239016</subfield>
    <subfield code="w">(OCoLC)39179037</subfield>
  </datafield>
  <datafield tag="850" ind1=" " ind2=" ">
    <subfield code="a">AAP</subfield>
    <subfield code="a">AU</subfield>
    <subfield code="a">AzU</subfield>
    <subfield code="a">CSt</subfield>
    <subfield code="a">CU-I</subfield>
    <subfield code="a">CaNBFU</subfield>
    <subfield code="a">CaNSHD</subfield>
    <subfield code="a">CaOLU</subfield>
    <subfield code="a">CaOWtU</subfield>
    <subfield code="a">CaSSU</subfield>
    <subfield code="a">CoFS</subfield>
    <subfield code="a">CoU</subfield>
    <subfield code="a">CtY-SSE</subfield>
    <subfield code="a">DLC</subfield>
    <subfield code="a">DeU</subfield>
    <subfield code="a">GAT</subfield>
    <subfield code="a">ICarbS</subfield>
    <subfield code="a">INS</subfield>
    <subfield code="a">IU</subfield>
    <subfield code="a">IaAS</subfield>
    <subfield code="a">IaU</subfield>
    <subfield code="a">InU</subfield>
    <subfield code="a">KMK</subfield>
    <subfield code="a">KyLoU</subfield>
    <subfield code="a">KyU</subfield>
    <subfield code="a">LU</subfield>
    <subfield code="a">MChB</subfield>
    <subfield code="a">MH-BA</subfield>
    <subfield code="a">MdBJ</subfield>
    <subfield code="a">MiDW</subfield>
    <subfield code="a">MiEM</subfield>
    <subfield code="a">MnU</subfield>
    <subfield code="a">MoU</subfield>
    <subfield code="a">NIC</subfield>
    <subfield code="a">NRU</subfield>
    <subfield code="a">NSyU</subfield>
    <subfield code="a">NcU</subfield>
    <subfield code="a">NcWsW</subfield>
    <subfield code="a">NhD-BE</subfield>
    <subfield code="a">NjR</subfield>
    <subfield code="a">NmU</subfield>
    <subfield code="a">OCU</subfield>
    <subfield code="a">OU</subfield>
    <subfield code="a">OkU</subfield>
    <subfield code="a">OrCS</subfield>
    <subfield code="a">OrU</subfield>
    <subfield code="a">PPiC</subfield>
    <subfield code="a">PU-W</subfield>
    <subfield code="a">TxArU</subfield>
    <subfield code="a">TxCM</subfield>
    <subfield code="a">ViBlbV</subfield>
    <subfield code="a">ViU</subfield>
    <subfield code="a">ViW</subfield>
    <subfield code="a">VtU</subfield>
    <subfield code="a">WaU</subfield>
    <subfield code="a">WvU</subfield>
    <subfield code="a">WyU</subfield>
  </datafield>
  <datafield tag="859" ind1="4" ind2="1">
    <subfield code="u">https://onlinelibrary.wiley.com/journal/18731317</subfield>
  </datafield>
  <datafield tag="859" ind1="4" ind2="1">
    <subfield code="u">http://www.sciencedirect.com/science/journal/02726963</subfield>
    <subfield code="z">1980-2018</subfield>
  </datafield>
  <datafield tag="853" ind1="2" ind2="0">
    <subfield code="8">1</subfield>
    <subfield code="a">v.</subfield>
    <subfield code="b">no.</subfield>
    <subfield code="u">4</subfield>
    <subfield code="v">r</subfield>
    <subfield code="i">(year)</subfield>
    <subfield code="w">q</subfield>
  </datafield>
  <datafield tag="863" ind1="4" ind2="1">
    <subfield code="8">1.1</subfield>
    <subfield code="a">8</subfield>
    <subfield code="b">1</subfield>
    <subfield code="i">1989</subfield>
  </datafield>
  <datafield tag="890" ind1=" " ind2=" ">
    <subfield code="a">Journal of; operations management.  Washington, D.C.</subfield>
    <subfield code="i">84-646380</subfield>
  </datafield>
  <datafield tag="906" ind1=" " ind2=" ">
    <subfield code="a">7</subfield>
    <subfield code="b">cbc</subfield>
    <subfield code="c">serials</subfield>
    <subfield code="d">3</subfield>
    <subfield code="e">ncip</subfield>
    <subfield code="f">19</subfield>
    <subfield code="g">n-oclcserc</subfield>
  </datafield>
  <datafield tag="920" ind1=" " ind2=" ">
    <subfield code="a">Keep 1</subfield>
  </datafield>
  <datafield tag="955" ind1=" " ind2=" ">
    <subfield code="a">xf24 2019-12-23 Updated for ISSN transfer project</subfield>
  </datafield>
  <datafield tag="985" ind1=" " ind2=" ">
    <subfield code="e">eserial 200406</subfield>
  </datafield>
  <datafield tag="991" ind1=" " ind2=" ">
    <subfield code="b">c-GenColl</subfield>
    <subfield code="h">TS155.A1</subfield>
    <subfield code="i">J68</subfield>
    <subfield code="w">SERIALS</subfield>
  </datafield>
  <datafield tag="991" ind1=" " ind2=" ">
    <subfield code="b">c-GenColl</subfield>
    <subfield code="h">TS155.A1</subfield>
    <subfield code="i">J68</subfield>
    <subfield code="p">00017239284</subfield>
    <subfield code="t">Copy 1</subfield>
    <subfield code="v">10 * 8888</subfield>
    <subfield code="w">CCF</subfield>
  </datafield>
  <datafield tag="992" ind1=" " ind2=" ">
    <subfield code="b">SER</subfield>
    <subfield code="w">SERLOC</subfield>
  </datafield>
</record>