
<record>
  <leader>02641cas a2200577 a 4500</leader>
  <controlfield tag="001">11292038</controlfield>
  <controlfield tag="005">20200103093959.0</controlfield>
  <controlfield tag="008">790227d19661992nyuar     r   0   a0eng  </controlfield>
  <datafield tag="906" ind1=" " ind2=" ">
    <subfield code="a">7</subfield>
    <subfield code="b">cbc</subfield>
    <subfield code="c">serials</subfield>
    <subfield code="d">u</subfield>
    <subfield code="e">ncip</subfield>
    <subfield code="f">19</subfield>
    <subfield code="g">n-oclcserc</subfield>
  </datafield>
  <datafield tag="955" ind1=" " ind2=" ">
    <subfield code="a">Item 00193080595 left CCS 2009-05-26;</subfield>
    <subfield code="k">xf15 2020-01-03 (telework)</subfield>
  </datafield>
  <datafield tag="010" ind1=" " ind2=" ">
    <subfield code="a">sc 85001174 </subfield>
    <subfield code="z">sn 85019840 </subfield>
  </datafield>
  <datafield tag="022" ind1="0" ind2=" ">
    <subfield code="a">2690-005X</subfield>
    <subfield code="y">0085-3518</subfield>
    <subfield code="y">0026-8275</subfield>
    <subfield code="2">1</subfield>
  </datafield>
  <datafield tag="035" ind1=" " ind2=" ">
    <subfield code="a">(OCoLC)ocm04696118</subfield>
  </datafield>
  <datafield tag="040" ind1=" " ind2=" ">
    <subfield code="a">DLC</subfield>
    <subfield code="b">eng</subfield>
    <subfield code="c">NYG</subfield>
    <subfield code="d">IUL</subfield>
    <subfield code="d">IXA</subfield>
    <subfield code="d">HUL</subfield>
    <subfield code="d">DLC</subfield>
    <subfield code="d">HUL</subfield>
    <subfield code="d">NST</subfield>
    <subfield code="d">AGL</subfield>
    <subfield code="d">NST</subfield>
    <subfield code="d">OCL</subfield>
    <subfield code="d">NST</subfield>
    <subfield code="d">MYG</subfield>
    <subfield code="d">HUL</subfield>
    <subfield code="d">NYG</subfield>
    <subfield code="d">IUL</subfield>
    <subfield code="d">NYG</subfield>
    <subfield code="d">DLC</subfield>
    <subfield code="d">OCLCQ</subfield>
    <subfield code="d">OCLCF</subfield>
    <subfield code="d">OCLCO</subfield>
    <subfield code="d">OCLCQ</subfield>
    <subfield code="d">XFF</subfield>
    <subfield code="d">OCL</subfield>
    <subfield code="d">DLC</subfield>
  </datafield>
  <datafield tag="042" ind1=" " ind2=" ">
    <subfield code="a">pcc</subfield>
    <subfield code="a">nsdp</subfield>
  </datafield>
  <datafield tag="050" ind1="0" ind2="0">
    <subfield code="a">TP1101</subfield>
    <subfield code="b">.M62</subfield>
  </datafield>
  <datafield tag="070" ind1="0" ind2=" ">
    <subfield code="a">309.8</subfield>
    <subfield code="b">P69 Suppl.</subfield>
  </datafield>
  <datafield tag="072" ind1=" " ind2="0">
    <subfield code="a">X400</subfield>
  </datafield>
  <datafield tag="082" ind1="1" ind2="0">
    <subfield code="a">668.4</subfield>
    <subfield code="2">23</subfield>
  </datafield>
  <datafield tag="082" ind1="0" ind2="4">
    <subfield code="a">679</subfield>
    <subfield code="b">qM68</subfield>
  </datafield>
  <datafield tag="130" ind1="0" ind2=" ">
    <subfield code="a">Modern plastics encyclopedia (New York, N.Y. : 1966)</subfield>
  </datafield>
  <datafield tag="222" ind1=" " ind2="0">
    <subfield code="a">Modern plastics encyclopedia (1966)</subfield>
  </datafield>
  <datafield tag="245" ind1="1" ind2="0">
    <subfield code="a">Modern plastics encyclopedia.</subfield>
  </datafield>
  <datafield tag="246" ind1="1" ind2="8">
    <subfield code="a">Modern plastics encyclopedia issue</subfield>
    <subfield code="f">1968</subfield>
  </datafield>
  <datafield tag="260" ind1=" " ind2=" ">
    <subfield code="a">New York :</subfield>
    <subfield code="b">McGraw-Hill,</subfield>
    <subfield code="c">©1965-©1991.</subfield>
  </datafield>
  <datafield tag="300" ind1=" " ind2=" ">
    <subfield code="a">27 volumes :</subfield>
    <subfield code="b">illustrations ;</subfield>
    <subfield code="c">30 cm</subfield>
  </datafield>
  <datafield tag="310" ind1=" " ind2=" ">
    <subfield code="a">Annual</subfield>
  </datafield>
  <datafield tag="336" ind1=" " ind2=" ">
    <subfield code="a">text</subfield>
    <subfield code="b">txt</subfield>
    <subfield code="2">rdacontent</subfield>
  </datafield>
  <datafield tag="337" ind1=" " ind2=" ">
    <subfield code="a">unmediated</subfield>
    <subfield code="b">n</subfield>
    <subfield code="2">rdamedia</subfield>
  </datafield>
  <datafield tag="338" ind1=" " ind2=" ">
    <subfield code="a">volume</subfield>
    <subfield code="b">nc</subfield>
    <subfield code="2">rdacarrier</subfield>
  </datafield>
  <datafield tag="362" ind1="0" ind2=" ">
    <subfield code="a">1966-&apos;92.</subfield>
  </datafield>
  <datafield tag="515" ind1=" " ind2=" ">
    <subfield code="a">Vol. issued in Oct. 1967 called: 1968; vol. issued in Oct. 1968 also called: 1968, with spine numbering as 1968-69.</subfield>
  </datafield>
  <datafield tag="530" ind1=" " ind2=" ">
    <subfield code="a">Also issued online.</subfield>
  </datafield>
  <datafield tag="580" ind1=" " ind2=" ">
    <subfield code="a">Volumes for 1966-1967 issued as 2nd Sept. no. with the vol. numbering of: Modern plastics; volumes for 1968-1992 issued as 2nd Oct. no., still with the vol. numbering.</subfield>
  </datafield>
  <datafield tag="650" ind1=" " ind2="0">
    <subfield code="a">Plastics</subfield>
    <subfield code="v">Periodicals.</subfield>
  </datafield>
  <datafield tag="650" ind1=" " ind2="0">
    <subfield code="a">Plastics industry and trade</subfield>
    <subfield code="v">Directories.</subfield>
  </datafield>
  <datafield tag="650" ind1=" " ind2="7">
    <subfield code="a">Plastics.</subfield>
    <subfield code="2">fast</subfield>
    <subfield code="0">(OCoLC)fst01066542</subfield>
  </datafield>
  <datafield tag="650" ind1=" " ind2="7">
    <subfield code="a">Plastics industry and trade.</subfield>
    <subfield code="2">fast</subfield>
    <subfield code="0">(OCoLC)fst01066679</subfield>
  </datafield>
  <datafield tag="655" ind1=" " ind2="7">
    <subfield code="a">Encyclopedias.</subfield>
    <subfield code="2">fast</subfield>
    <subfield code="0">(OCoLC)fst01423798</subfield>
  </datafield>
  <datafield tag="655" ind1=" " ind2="7">
    <subfield code="a">Directories.</subfield>
    <subfield code="2">fast</subfield>
    <subfield code="0">(OCoLC)fst01423796</subfield>
  </datafield>
  <datafield tag="655" ind1=" " ind2="7">
    <subfield code="a">Periodicals.</subfield>
    <subfield code="2">fast</subfield>
    <subfield code="0">(OCoLC)fst01411641</subfield>
  </datafield>
  <datafield tag="655" ind1=" " ind2="7">
    <subfield code="a">Directories.</subfield>
    <subfield code="2">lcgft</subfield>
  </datafield>
  <datafield tag="655" ind1=" " ind2="7">
    <subfield code="a">Encyclopedias.</subfield>
    <subfield code="2">lcgft</subfield>
  </datafield>
  <datafield tag="730" ind1="0" ind2=" ">
    <subfield code="a">Modern plastics.</subfield>
  </datafield>
  <datafield tag="776" ind1="0" ind2="8">
    <subfield code="i">Online version:</subfield>
    <subfield code="t">Modern plastics encyclopedia (New York, N.Y. : 1966)</subfield>
    <subfield code="w">(OCoLC)564575205</subfield>
  </datafield>
  <datafield tag="777" ind1="1" ind2=" ">
    <subfield code="t">Modern plastics</subfield>
    <subfield code="x">0026-8275</subfield>
    <subfield code="w">(DLC)   88641619</subfield>
    <subfield code="w">(OCoLC)4696134</subfield>
  </datafield>
  <datafield tag="780" ind1="0" ind2="0">
    <subfield code="t">Modern plastics encyclopedia issue</subfield>
    <subfield code="x">2690-0041</subfield>
    <subfield code="w">(DLC)sn 88010532</subfield>
    <subfield code="w">(OCoLC)6113252</subfield>
  </datafield>
  <datafield tag="785" ind1="0" ind2="0">
    <subfield code="t">Modern plastics encyclopedia ... &amp; buyers&apos; guide</subfield>
    <subfield code="x">2690-0068</subfield>
    <subfield code="w">(DLC)sn 93037041</subfield>
    <subfield code="w">(OCoLC)27319729</subfield>
  </datafield>
  <datafield tag="850" ind1=" " ind2=" ">
    <subfield code="a">AAP</subfield>
    <subfield code="a">CSf</subfield>
    <subfield code="a">CaOONF</subfield>
    <subfield code="a">CoU</subfield>
    <subfield code="a">DLC</subfield>
    <subfield code="a">DeU</subfield>
    <subfield code="a">DNAL</subfield>
    <subfield code="a">FU</subfield>
    <subfield code="a">IC</subfield>
    <subfield code="a">InU</subfield>
    <subfield code="a">MCM</subfield>
    <subfield code="a">MH-SD</subfield>
    <subfield code="a">N</subfield>
    <subfield code="a">NvU</subfield>
    <subfield code="a">OCU</subfield>
    <subfield code="a">OkU</subfield>
    <subfield code="a">P</subfield>
    <subfield code="a">PU-W</subfield>
  </datafield>
  <datafield tag="984" ind1=" " ind2=" ">
    <subfield code="a">srvf</subfield>
    <subfield code="b">dg12</subfield>
    <subfield code="d">2002-03-28</subfield>
  </datafield>
  <datafield tag="991" ind1=" " ind2=" ">
    <subfield code="b">c-GenColl</subfield>
    <subfield code="h">TP986.A1</subfield>
    <subfield code="i">M62</subfield>
    <subfield code="w">SERIALS</subfield>
  </datafield>
</record>