
<record>
  <leader>04860cas a2200937 a 4500</leader>
  <controlfield tag="001">11330325</controlfield>
  <controlfield tag="005">20200103073319.0</controlfield>
  <controlfield tag="008">870811c19879999sa qr p       0   a0eng c</controlfield>
  <datafield tag="906" ind1=" " ind2=" ">
    <subfield code="a">7</subfield>
    <subfield code="b">cbc</subfield>
    <subfield code="c">serials</subfield>
    <subfield code="d">2</subfield>
    <subfield code="e">ncip</subfield>
    <subfield code="f">19</subfield>
    <subfield code="g">n-oclcserc</subfield>
  </datafield>
  <datafield tag="955" ind1=" " ind2=" ">
    <subfield code="g">bc06 2017-04-24 (telework) to SER</subfield>
    <subfield code="g">bc06 2017-12-29 (telework) to SER</subfield>
    <subfield code="g">bc06 2018-06-30 (overtime) to SER</subfield>
    <subfield code="g">bc06 2018-08-17 (telework) to SER</subfield>
    <subfield code="g">bc06 2018-08-20 (telework) to SER</subfield>
    <subfield code="g">bc06 2019-08-09 (telework) to SER</subfield>
    <subfield code="g">bc06 2019-08-12 (telework) to SER</subfield>
    <subfield code="g">bc06 2019-11-18 (telework) to SER</subfield>
    <subfield code="g">bc06 2020-01-03 (telework) to SER</subfield>
  </datafield>
  <datafield tag="010" ind1=" " ind2=" ">
    <subfield code="a">   87647634 </subfield>
    <subfield code="z">sn 87030226 </subfield>
  </datafield>
  <datafield tag="016" ind1="7" ind2=" ">
    <subfield code="a">100971566</subfield>
    <subfield code="2">DNLM</subfield>
  </datafield>
  <datafield tag="016" ind1="7" ind2=" ">
    <subfield code="a">009880826</subfield>
    <subfield code="2">Uk</subfield>
  </datafield>
  <datafield tag="022" ind1=" " ind2=" ">
    <subfield code="a">1012-0750</subfield>
    <subfield code="l">1012-0750</subfield>
    <subfield code="z">0371-7208</subfield>
    <subfield code="2">0</subfield>
  </datafield>
  <datafield tag="030" ind1=" " ind2=" ">
    <subfield code="a">SAJGET</subfield>
  </datafield>
  <datafield tag="035" ind1=" " ind2=" ">
    <subfield code="a">(OCoLC)ocm16416271</subfield>
  </datafield>
  <datafield tag="040" ind1=" " ind2=" ">
    <subfield code="a">COP</subfield>
    <subfield code="b">eng</subfield>
    <subfield code="c">COP</subfield>
    <subfield code="d">NYG</subfield>
    <subfield code="d">DLC</subfield>
    <subfield code="d">NST</subfield>
    <subfield code="d">HUL</subfield>
    <subfield code="d">IUL</subfield>
    <subfield code="d">NST</subfield>
    <subfield code="d">NSD</subfield>
    <subfield code="d">NST</subfield>
    <subfield code="d">OCL</subfield>
    <subfield code="d">NST</subfield>
    <subfield code="d">OCL</subfield>
    <subfield code="d">SYS</subfield>
    <subfield code="d">NLM</subfield>
    <subfield code="d">OCLCQ</subfield>
    <subfield code="d">DLC</subfield>
    <subfield code="d">MYG</subfield>
    <subfield code="d">GUA</subfield>
    <subfield code="d">WAU</subfield>
    <subfield code="d">NLGGC</subfield>
    <subfield code="d">OCLCQ</subfield>
    <subfield code="d">UKMGB</subfield>
    <subfield code="d">DLC</subfield>
    <subfield code="d">OCLCA</subfield>
    <subfield code="d">OCLCQ</subfield>
    <subfield code="d">WAU</subfield>
    <subfield code="d">OCLCO</subfield>
    <subfield code="d">OCLCA</subfield>
    <subfield code="d">OCLCF</subfield>
    <subfield code="d">OCLCO</subfield>
    <subfield code="d">OCLCA</subfield>
    <subfield code="d">CAI</subfield>
    <subfield code="d">OCLCQ</subfield>
    <subfield code="d">INU</subfield>
  </datafield>
  <datafield tag="041" ind1="0" ind2=" ">
    <subfield code="a">eng</subfield>
    <subfield code="b">afr</subfield>
  </datafield>
  <datafield tag="042" ind1=" " ind2=" ">
    <subfield code="a">pcc</subfield>
    <subfield code="a">nsdp</subfield>
  </datafield>
  <datafield tag="043" ind1=" " ind2=" ">
    <subfield code="a">f-sa---</subfield>
  </datafield>
  <datafield tag="050" ind1="0" ind2="0">
    <subfield code="a">QE1</subfield>
    <subfield code="b">.G488</subfield>
  </datafield>
  <datafield tag="082" ind1="0" ind2="0">
    <subfield code="a">556.8/05</subfield>
    <subfield code="2">19</subfield>
  </datafield>
  <datafield tag="210" ind1="0" ind2=" ">
    <subfield code="a">S. Afr. j. geol.</subfield>
  </datafield>
  <datafield tag="222" ind1=" " ind2="0">
    <subfield code="a">South African journal of geology</subfield>
  </datafield>
  <datafield tag="245" ind1="0" ind2="0">
    <subfield code="a">South African journal of geology :</subfield>
    <subfield code="b">being the transactions of the Geological Society of South Africa = Suid-Afrikaanse tydskrif vir geologie : syndie die verhandelinge van die Geologiese Vereniging van Suid-Afrika.</subfield>
  </datafield>
  <datafield tag="246" ind1="3" ind2="0">
    <subfield code="a">Geology</subfield>
  </datafield>
  <datafield tag="246" ind1="3" ind2="0">
    <subfield code="a">Geologie</subfield>
  </datafield>
  <datafield tag="246" ind1="3" ind2="1">
    <subfield code="a">Suid-Afrikaanse tydskrif vir geologie</subfield>
  </datafield>
  <datafield tag="246" ind1="1" ind2="3">
    <subfield code="a">Transactions of the Geological Society of South Africa</subfield>
  </datafield>
  <datafield tag="246" ind1="1" ind2="3">
    <subfield code="a">Verhandelinge van die Geologiese Vereniging van Suid-Afrika</subfield>
  </datafield>
  <datafield tag="246" ind1="1" ind2="8">
    <subfield code="a">SAJG</subfield>
    <subfield code="f">&lt;2005&gt;</subfield>
  </datafield>
  <datafield tag="249" ind1="0" ind2=" ">
    <subfield code="i">ACQUIRE Title:</subfield>
    <subfield code="a">Geology. South African journal of geology = Geologie. Suid-Afrikaanse tydskrif vir geologie</subfield>
  </datafield>
  <datafield tag="260" ind1=" " ind2=" ">
    <subfield code="a">[Johannesburg?] :</subfield>
    <subfield code="b">Bureau for Scientific Publications at the Foundation for Education, Science and Technology,</subfield>
    <subfield code="c">[©1987-</subfield>
  </datafield>
  <datafield tag="300" ind1=" " ind2=" ">
    <subfield code="a">volumes :</subfield>
    <subfield code="b">illustrations ;</subfield>
    <subfield code="c">30 cm</subfield>
  </datafield>
  <datafield tag="310" ind1=" " ind2=" ">
    <subfield code="a">4 no. a year,</subfield>
    <subfield code="b">1993-</subfield>
  </datafield>
  <datafield tag="321" ind1=" " ind2=" ">
    <subfield code="a">Quarterly,</subfield>
    <subfield code="b">1987-1989</subfield>
  </datafield>
  <datafield tag="321" ind1=" " ind2=" ">
    <subfield code="a">6 no. a year,</subfield>
    <subfield code="b">1990-1992</subfield>
  </datafield>
  <datafield tag="336" ind1=" " ind2=" ">
    <subfield code="a">text</subfield>
    <subfield code="b">txt</subfield>
    <subfield code="2">rdacontent</subfield>
  </datafield>
  <datafield tag="337" ind1=" " ind2=" ">
    <subfield code="a">unmediated</subfield>
    <subfield code="b">n</subfield>
    <subfield code="2">rdamedia</subfield>
  </datafield>
  <datafield tag="338" ind1=" " ind2=" ">
    <subfield code="a">volume</subfield>
    <subfield code="b">nc</subfield>
    <subfield code="2">rdacarrier</subfield>
  </datafield>
  <datafield tag="362" ind1="0" ind2=" ">
    <subfield code="a">Vol. 90, no. 1 (Mar. 1987)-</subfield>
  </datafield>
  <datafield tag="500" ind1=" " ind2=" ">
    <subfield code="a">Title from cover.</subfield>
  </datafield>
  <datafield tag="500" ind1=" " ind2=" ">
    <subfield code="a">Issues for &lt;2005&gt;- lack title in Afrikaans.</subfield>
  </datafield>
  <datafield tag="500" ind1=" " ind2=" ">
    <subfield code="a">Published: Geological Society of South Africa, &lt;2005&gt;</subfield>
  </datafield>
  <datafield tag="500" ind1=" " ind2=" ">
    <subfield code="a">Some numbers issued also on CD-ROM.</subfield>
  </datafield>
  <datafield tag="515" ind1=" " ind2=" ">
    <subfield code="a">Some issues combined, some issues misnumbered, e.g., v. 114 (2011), no. 1/2 (called no. 1 on cover).</subfield>
  </datafield>
  <datafield tag="546" ind1=" " ind2=" ">
    <subfield code="a">Summaries also in Afrikaans, 1987-&lt;1993&gt;</subfield>
  </datafield>
  <datafield tag="550" ind1=" " ind2=" ">
    <subfield code="a">Published under the auspices of the Council for Scientific Publications with financial assistance from the Dept. of National Education, 1987-&lt;1993&gt;</subfield>
  </datafield>
  <datafield tag="588" ind1=" " ind2=" ">
    <subfield code="a">Latest issue consulted: Vol. 114, no. 1/2 (2011).</subfield>
  </datafield>
  <datafield tag="590" ind1=" " ind2=" ">
    <subfield code="a">SERBIB/SERLOC merged record</subfield>
  </datafield>
  <datafield tag="592" ind1=" " ind2=" ">
    <subfield code="a">ACQN: aq 96012180</subfield>
  </datafield>
  <datafield tag="592" ind1=" " ind2=" ">
    <subfield code="a">101/98/2-4</subfield>
  </datafield>
  <datafield tag="592" ind1=" " ind2=" ">
    <subfield code="a">90/1992/1-4--109/98/1</subfield>
  </datafield>
  <datafield tag="592" ind1=" " ind2=" ">
    <subfield code="a">purchase order# 315097</subfield>
  </datafield>
  <datafield tag="650" ind1=" " ind2="0">
    <subfield code="a">Geology</subfield>
    <subfield code="z">South Africa</subfield>
    <subfield code="v">Periodicals.</subfield>
  </datafield>
  <datafield tag="650" ind1=" " ind2="7">
    <subfield code="a">Geology.</subfield>
    <subfield code="2">fast</subfield>
    <subfield code="0">(OCoLC)fst00940627</subfield>
  </datafield>
  <datafield tag="651" ind1=" " ind2="7">
    <subfield code="a">South Africa.</subfield>
    <subfield code="2">fast</subfield>
    <subfield code="0">(OCoLC)fst01204616</subfield>
  </datafield>
  <datafield tag="650" ind1="1" ind2="7">
    <subfield code="a">Geologie.</subfield>
    <subfield code="2">gtt</subfield>
  </datafield>
  <datafield tag="655" ind1=" " ind2="7">
    <subfield code="a">Periodicals.</subfield>
    <subfield code="2">fast</subfield>
    <subfield code="0">(OCoLC)fst01411641</subfield>
  </datafield>
  <datafield tag="710" ind1="2" ind2=" ">
    <subfield code="a">Geological Society of South Africa.</subfield>
  </datafield>
  <datafield tag="710" ind1="2" ind2=" ">
    <subfield code="a">Foundation for Education, Science, and Technology (South Africa).</subfield>
    <subfield code="b">Bureau for Scientific Publications.</subfield>
  </datafield>
  <datafield tag="710" ind1="2" ind2=" ">
    <subfield code="a">Council for Scientific Publications (South Africa)</subfield>
  </datafield>
  <datafield tag="710" ind1="1" ind2=" ">
    <subfield code="a">South Africa.</subfield>
    <subfield code="b">Department of National Education.</subfield>
  </datafield>
  <datafield tag="776" ind1="0" ind2="8">
    <subfield code="i">Online version:</subfield>
    <subfield code="t">South African journal of geology (Online)</subfield>
    <subfield code="w">(DLC)  2005233119</subfield>
    <subfield code="w">(OCoLC)60626478</subfield>
  </datafield>
  <datafield tag="776" ind1="0" ind2="8">
    <subfield code="i">Online version:</subfield>
    <subfield code="t">South African journal of geology</subfield>
    <subfield code="w">(OCoLC)630116853</subfield>
  </datafield>
  <datafield tag="780" ind1="0" ind2="0">
    <subfield code="a">Geological Society of South Africa.</subfield>
    <subfield code="t">Transactions of the Geological Society of South Africa</subfield>
    <subfield code="x">0371-7208</subfield>
    <subfield code="w">(DLC)sn 80012006</subfield>
    <subfield code="w">(OCoLC)2115654</subfield>
  </datafield>
  <datafield tag="850" ind1=" " ind2=" ">
    <subfield code="a">AAP</subfield>
    <subfield code="a">AzTeS</subfield>
    <subfield code="a">CPT</subfield>
    <subfield code="a">CSt</subfield>
    <subfield code="a">CU</subfield>
    <subfield code="a">CU-SB</subfield>
    <subfield code="a">CaOLUM</subfield>
    <subfield code="a">CaOOG</subfield>
    <subfield code="a">CaOTU</subfield>
    <subfield code="a">CaSSU</subfield>
    <subfield code="a">CoU</subfield>
    <subfield code="a">CtY-KS</subfield>
    <subfield code="a">DLC</subfield>
    <subfield code="a">ICU</subfield>
    <subfield code="a">IEN</subfield>
    <subfield code="a">IaAS</subfield>
    <subfield code="a">IaU</subfield>
    <subfield code="a">InLP</subfield>
    <subfield code="a">InU</subfield>
    <subfield code="a">KyU</subfield>
    <subfield code="a">MH-GS</subfield>
    <subfield code="a">MMeT</subfield>
    <subfield code="a">MiU</subfield>
    <subfield code="a">MnU</subfield>
    <subfield code="a">MoKL</subfield>
    <subfield code="a">MoU</subfield>
    <subfield code="a">N</subfield>
    <subfield code="a">NBuU</subfield>
    <subfield code="a">NIC</subfield>
    <subfield code="a">NN</subfield>
    <subfield code="a">NNC</subfield>
    <subfield code="a">NNE</subfield>
    <subfield code="a">NSyU</subfield>
    <subfield code="a">NcU</subfield>
    <subfield code="a">NjP</subfield>
    <subfield code="a">NjR</subfield>
    <subfield code="a">OCU</subfield>
    <subfield code="a">OkU</subfield>
    <subfield code="a">OrCS</subfield>
    <subfield code="a">PBL</subfield>
    <subfield code="a">PU</subfield>
    <subfield code="a">TxDaM</subfield>
    <subfield code="a">TxHR</subfield>
    <subfield code="a">UPB</subfield>
    <subfield code="a">ViW</subfield>
    <subfield code="a">WaU</subfield>
  </datafield>
  <datafield tag="859" ind1="4" ind2="1">
    <subfield code="u">http://sajg.geoscienceworld.org/archive</subfield>
  </datafield>
  <datafield tag="853" ind1="3" ind2="0">
    <subfield code="8">1</subfield>
    <subfield code="a">v.</subfield>
    <subfield code="b">no.</subfield>
    <subfield code="u">4</subfield>
    <subfield code="w">q</subfield>
  </datafield>
  <datafield tag="863" ind1="4" ind2="0">
    <subfield code="8">1</subfield>
    <subfield code="a">&lt;90&gt;-</subfield>
    <subfield code="x">provisional</subfield>
  </datafield>
  <datafield tag="890" ind1=" " ind2=" ">
    <subfield code="a">South African journal of geology.</subfield>
    <subfield code="i">87-647634</subfield>
  </datafield>
  <datafield tag="920" ind1=" " ind2=" ">
    <subfield code="a">Keep 1</subfield>
  </datafield>
  <datafield tag="923" ind1=" " ind2=" ">
    <subfield code="a">purchase</subfield>
    <subfield code="s">Argo Publications; 93000284</subfield>
  </datafield>
  <datafield tag="923" ind1=" " ind2=" ">
    <subfield code="a">Purchase</subfield>
    <subfield code="s">Acura (V00011048)</subfield>
  </datafield>
  <datafield tag="984" ind1=" " ind2=" ">
    <subfield code="a">srvf</subfield>
    <subfield code="d">2001-11-26</subfield>
  </datafield>
  <datafield tag="991" ind1=" " ind2=" ">
    <subfield code="b">c-GenColl</subfield>
    <subfield code="h">QE1</subfield>
    <subfield code="i">.G488</subfield>
    <subfield code="w">SERIALS</subfield>
  </datafield>
  <datafield tag="991" ind1=" " ind2=" ">
    <subfield code="b">c-GenColl</subfield>
    <subfield code="h">QE1</subfield>
    <subfield code="i">.G488</subfield>
    <subfield code="p">00058271263</subfield>
    <subfield code="t">Copy 1</subfield>
    <subfield code="v">99 * 1996</subfield>
    <subfield code="w">CCF</subfield>
  </datafield>
  <datafield tag="991" ind1=" " ind2=" ">
    <subfield code="b">c-GenColl</subfield>
    <subfield code="h">QE1</subfield>
    <subfield code="i">.G488</subfield>
    <subfield code="p">00011353241</subfield>
    <subfield code="t">Copy 1</subfield>
    <subfield code="v">91 1988 * 8888</subfield>
    <subfield code="w">CCF</subfield>
  </datafield>
  <datafield tag="991" ind1=" " ind2=" ">
    <subfield code="b">c-Ser</subfield>
    <subfield code="w">ACQUIRE</subfield>
  </datafield>
  <datafield tag="992" ind1=" " ind2=" ">
    <subfield code="b">EMPTY</subfield>
    <subfield code="w">ACQUIRE</subfield>
  </datafield>
  <datafield tag="992" ind1=" " ind2=" ">
    <subfield code="b">SER</subfield>
    <subfield code="w">SERLOC</subfield>
  </datafield>
</record>