
<record>
  <leader>02184cas a2200517 a 4500</leader>
  <controlfield tag="001">11335540</controlfield>
  <controlfield tag="005">20200103093753.0</controlfield>
  <controlfield tag="008">800321d19541965nyuar    r    0   a0eng c</controlfield>
  <datafield tag="906" ind1=" " ind2=" ">
    <subfield code="a">7</subfield>
    <subfield code="b">cbc</subfield>
    <subfield code="c">serials</subfield>
    <subfield code="d">2</subfield>
    <subfield code="e">ncip</subfield>
    <subfield code="f">19</subfield>
    <subfield code="g">n-oclcserc</subfield>
  </datafield>
  <datafield tag="925" ind1="0" ind2=" ">
    <subfield code="a">acquire</subfield>
    <subfield code="b">1 shelf copy</subfield>
    <subfield code="x">policy default</subfield>
  </datafield>
  <datafield tag="955" ind1=" " ind2=" ">
    <subfield code="a">To SerCat 2002-3-28 dg12</subfield>
    <subfield code="i">db01 2002-04-01 for Serials Holdings Conversion Project (no pieces);</subfield>
    <subfield code="k">xf15 2020-01-03 (telework)</subfield>
  </datafield>
  <datafield tag="010" ind1=" " ind2=" ">
    <subfield code="a">sn 88010532 </subfield>
  </datafield>
  <datafield tag="022" ind1="0" ind2=" ">
    <subfield code="a">2690-0041</subfield>
    <subfield code="2">1</subfield>
  </datafield>
  <datafield tag="035" ind1=" " ind2=" ">
    <subfield code="a">(OCoLC)ocm06113252</subfield>
  </datafield>
  <datafield tag="040" ind1=" " ind2=" ">
    <subfield code="a">ERE</subfield>
    <subfield code="b">eng</subfield>
    <subfield code="c">ERE</subfield>
    <subfield code="d">NYG</subfield>
    <subfield code="d">IUL</subfield>
    <subfield code="d">NST</subfield>
    <subfield code="d">DLC</subfield>
    <subfield code="d">AGL</subfield>
    <subfield code="d">DLC</subfield>
    <subfield code="d">NYG</subfield>
    <subfield code="d">DLC</subfield>
    <subfield code="d">OCLCQ</subfield>
    <subfield code="d">OCLCF</subfield>
    <subfield code="d">OCLCO</subfield>
    <subfield code="d">OCLCQ</subfield>
    <subfield code="d">DLC</subfield>
  </datafield>
  <datafield tag="042" ind1=" " ind2=" ">
    <subfield code="a">pcc</subfield>
    <subfield code="a">nsdp</subfield>
  </datafield>
  <datafield tag="050" ind1="0" ind2="0">
    <subfield code="a">TP1101</subfield>
    <subfield code="b">.M62</subfield>
  </datafield>
  <datafield tag="070" ind1="0" ind2=" ">
    <subfield code="a">309.8</subfield>
    <subfield code="b">P69 Suppl.</subfield>
  </datafield>
  <datafield tag="072" ind1=" " ind2="0">
    <subfield code="a">X400</subfield>
  </datafield>
  <datafield tag="082" ind1="1" ind2="0">
    <subfield code="a">668.4</subfield>
    <subfield code="2">23</subfield>
  </datafield>
  <datafield tag="082" ind1="0" ind2="4">
    <subfield code="a">679</subfield>
    <subfield code="b">qM68</subfield>
  </datafield>
  <datafield tag="222" ind1=" " ind2="0">
    <subfield code="a">Modern plastics encyclopedia issue</subfield>
  </datafield>
  <datafield tag="245" ind1="0" ind2="0">
    <subfield code="a">Modern plastics encyclopedia issue.</subfield>
  </datafield>
  <datafield tag="246" ind1="1" ind2="4">
    <subfield code="a">Modern plastics encyclopedia</subfield>
    <subfield code="f">1962, 1964-1965</subfield>
  </datafield>
  <datafield tag="260" ind1=" " ind2=" ">
    <subfield code="a">Bristol, Conn. :</subfield>
    <subfield code="b">Plastics Catalogue Corp.,</subfield>
    <subfield code="c">1954-1965.</subfield>
  </datafield>
  <datafield tag="300" ind1=" " ind2=" ">
    <subfield code="a">12 volumes :</subfield>
    <subfield code="b">illustrations ;</subfield>
    <subfield code="c">29 cm</subfield>
  </datafield>
  <datafield tag="310" ind1=" " ind2=" ">
    <subfield code="a">Annual</subfield>
  </datafield>
  <datafield tag="336" ind1=" " ind2=" ">
    <subfield code="a">text</subfield>
    <subfield code="b">txt</subfield>
    <subfield code="2">rdacontent</subfield>
  </datafield>
  <datafield tag="337" ind1=" " ind2=" ">
    <subfield code="a">unmediated</subfield>
    <subfield code="b">n</subfield>
    <subfield code="2">rdamedia</subfield>
  </datafield>
  <datafield tag="338" ind1=" " ind2=" ">
    <subfield code="a">volume</subfield>
    <subfield code="b">nc</subfield>
    <subfield code="2">rdacarrier</subfield>
  </datafield>
  <datafield tag="362" ind1="0" ind2=" ">
    <subfield code="a">1954-1965.</subfield>
  </datafield>
  <datafield tag="515" ind1=" " ind2=" ">
    <subfield code="a">Also called v. 32-42, using the vol. numbering of Modern plastics.</subfield>
  </datafield>
  <datafield tag="580" ind1=" " ind2=" ">
    <subfield code="a">Issued as the 2nd Sept. no. of: Modern plastics.</subfield>
  </datafield>
  <datafield tag="650" ind1=" " ind2="0">
    <subfield code="a">Plastics</subfield>
    <subfield code="v">Periodicals.</subfield>
  </datafield>
  <datafield tag="650" ind1=" " ind2="0">
    <subfield code="a">Plastics industry and trade</subfield>
    <subfield code="v">Directories.</subfield>
  </datafield>
  <datafield tag="650" ind1=" " ind2="7">
    <subfield code="a">Plastics.</subfield>
    <subfield code="2">fast</subfield>
    <subfield code="0">(OCoLC)fst01066542</subfield>
  </datafield>
  <datafield tag="650" ind1=" " ind2="7">
    <subfield code="a">Plastics industry and trade.</subfield>
    <subfield code="2">fast</subfield>
    <subfield code="0">(OCoLC)fst01066679</subfield>
  </datafield>
  <datafield tag="655" ind1=" " ind2="7">
    <subfield code="a">Directories.</subfield>
    <subfield code="2">fast</subfield>
    <subfield code="0">(OCoLC)fst01423796</subfield>
  </datafield>
  <datafield tag="655" ind1=" " ind2="7">
    <subfield code="a">Periodicals.</subfield>
    <subfield code="2">fast</subfield>
    <subfield code="0">(OCoLC)fst01411641</subfield>
  </datafield>
  <datafield tag="730" ind1="0" ind2=" ">
    <subfield code="a">Modern plastics.</subfield>
  </datafield>
  <datafield tag="776" ind1="0" ind2="8">
    <subfield code="i">Online version:</subfield>
    <subfield code="t">Modern plastics encyclopedia issue</subfield>
    <subfield code="w">(OCoLC)608872755</subfield>
  </datafield>
  <datafield tag="777" ind1="1" ind2=" ">
    <subfield code="t">Modern plastics</subfield>
    <subfield code="x">0026-8275</subfield>
    <subfield code="w">(DLC)   88641619</subfield>
    <subfield code="w">(OCoLC)4696134</subfield>
  </datafield>
  <datafield tag="780" ind1="0" ind2="0">
    <subfield code="t">Modern plastics encyclopedia and engineer&apos;s handbook</subfield>
    <subfield code="x">2690-0033</subfield>
    <subfield code="w">(DLC)sn 88010534</subfield>
    <subfield code="w">(OCoLC)6256500</subfield>
  </datafield>
  <datafield tag="785" ind1="0" ind2="0">
    <subfield code="t">Modern plastics encyclopedia (New York, N.Y. : 1966)</subfield>
    <subfield code="x">2690-005X</subfield>
    <subfield code="w">(DLC)sc 85001174</subfield>
    <subfield code="w">(OCoLC)4696118</subfield>
  </datafield>
  <datafield tag="850" ind1=" " ind2=" ">
    <subfield code="a">CSf</subfield>
    <subfield code="a">DLC</subfield>
    <subfield code="a">DNAL</subfield>
    <subfield code="a">FU</subfield>
    <subfield code="a">MChB</subfield>
    <subfield code="a">N</subfield>
    <subfield code="a">OkU</subfield>
  </datafield>
  <datafield tag="984" ind1=" " ind2=" ">
    <subfield code="a">srvf</subfield>
    <subfield code="b">dg12</subfield>
    <subfield code="d">2002-03-28</subfield>
  </datafield>
</record>