
<record>
  <leader>03210cas a2200793 a 4500</leader>
  <controlfield tag="001">11414102</controlfield>
  <controlfield tag="005">20200103075646.0</controlfield>
  <controlfield tag="008">880714c19899999njuqr p       0   a0eng c</controlfield>
  <datafield tag="010" ind1=" " ind2=" ">
    <subfield code="a">sf 93092509 </subfield>
    <subfield code="z">sn 88002190 </subfield>
  </datafield>
  <datafield tag="016" ind1="7" ind2=" ">
    <subfield code="a">9884881</subfield>
    <subfield code="2">DNLM</subfield>
  </datafield>
  <datafield tag="016" ind1="7" ind2=" ">
    <subfield code="a">SR0068682</subfield>
    <subfield code="2">DNLM</subfield>
  </datafield>
  <datafield tag="016" ind1="7" ind2=" ">
    <subfield code="a">008221591</subfield>
    <subfield code="2">Uk</subfield>
  </datafield>
  <datafield tag="022" ind1="0" ind2=" ">
    <subfield code="a">0899-7659</subfield>
    <subfield code="l">0899-7659</subfield>
    <subfield code="2">1</subfield>
  </datafield>
  <datafield tag="030" ind1=" " ind2=" ">
    <subfield code="a">JAAHEO</subfield>
  </datafield>
  <datafield tag="032" ind1=" " ind2=" ">
    <subfield code="a">004945</subfield>
    <subfield code="b">USPS</subfield>
  </datafield>
  <datafield tag="035" ind1=" " ind2=" ">
    <subfield code="a">(OCoLC)ocm18212487 </subfield>
  </datafield>
  <datafield tag="037" ind1=" " ind2=" ">
    <subfield code="b">American Fisheries Society, 5410 Grosvenor Lane, Suite 110, Bethesda, MD 20814</subfield>
  </datafield>
  <datafield tag="040" ind1=" " ind2=" ">
    <subfield code="a">NSD</subfield>
    <subfield code="b">eng</subfield>
    <subfield code="c">NSD</subfield>
    <subfield code="d">NYG</subfield>
    <subfield code="d">WAU</subfield>
    <subfield code="d">AGL</subfield>
    <subfield code="d">NSD</subfield>
    <subfield code="d">HUL</subfield>
    <subfield code="d">AGL</subfield>
    <subfield code="d">NSD</subfield>
    <subfield code="d">EYM</subfield>
    <subfield code="d">NST</subfield>
    <subfield code="d">IUL</subfield>
    <subfield code="d">NST</subfield>
    <subfield code="d">BSS</subfield>
    <subfield code="d">COO</subfield>
    <subfield code="d">NST</subfield>
    <subfield code="d">DLC</subfield>
    <subfield code="d">CUS</subfield>
    <subfield code="d">SYS</subfield>
    <subfield code="d">GUA</subfield>
    <subfield code="d">NLM</subfield>
    <subfield code="d">OCLCQ</subfield>
    <subfield code="d">NSD</subfield>
    <subfield code="d">LVB</subfield>
    <subfield code="d">NLM</subfield>
    <subfield code="d">HIL</subfield>
    <subfield code="d">OCLCQ</subfield>
    <subfield code="d">CUV</subfield>
    <subfield code="d">UKMGB</subfield>
    <subfield code="d">OCLCF</subfield>
    <subfield code="d">NLM</subfield>
    <subfield code="d">OCLCQ</subfield>
    <subfield code="d">OCLCO</subfield>
    <subfield code="d">OCLCQ</subfield>
    <subfield code="d">NLM</subfield>
    <subfield code="d">DLC</subfield>
  </datafield>
  <datafield tag="042" ind1=" " ind2=" ">
    <subfield code="a">nsdp</subfield>
    <subfield code="a">pcc</subfield>
  </datafield>
  <datafield tag="050" ind1="0" ind2="0">
    <subfield code="a">WMLC 93/306</subfield>
  </datafield>
  <datafield tag="050" ind1="1" ind2="4">
    <subfield code="a">SH171</subfield>
    <subfield code="b">.J67</subfield>
  </datafield>
  <datafield tag="060" ind1="0" ind2="0">
    <subfield code="a">W1</subfield>
    <subfield code="b">JO544KD</subfield>
  </datafield>
  <datafield tag="070" ind1="0" ind2=" ">
    <subfield code="a">SH171.J68</subfield>
  </datafield>
  <datafield tag="072" ind1=" " ind2="0">
    <subfield code="a">M120</subfield>
  </datafield>
  <datafield tag="072" ind1=" " ind2="0">
    <subfield code="a">M310</subfield>
  </datafield>
  <datafield tag="072" ind1=" " ind2="0">
    <subfield code="a">L830</subfield>
  </datafield>
  <datafield tag="082" ind1="1" ind2="0">
    <subfield code="a">639</subfield>
    <subfield code="2">11</subfield>
  </datafield>
  <datafield tag="210" ind1="0" ind2=" ">
    <subfield code="a">J. aquat. anim. health</subfield>
  </datafield>
  <datafield tag="210" ind1="1" ind2="0">
    <subfield code="a">J Aquat Anim Health</subfield>
    <subfield code="2">dnlm</subfield>
  </datafield>
  <datafield tag="222" ind1=" " ind2="0">
    <subfield code="a">Journal of aquatic animal health</subfield>
  </datafield>
  <datafield tag="245" ind1="0" ind2="0">
    <subfield code="a">Journal of aquatic animal health.</subfield>
  </datafield>
  <datafield tag="260" ind1=" " ind2=" ">
    <subfield code="a">Bethesda, Md. :</subfield>
    <subfield code="b">American Fisheries Society,</subfield>
    <subfield code="c">©1989-</subfield>
  </datafield>
  <datafield tag="260" ind1="2" ind2=" ">
    <subfield code="3">&lt;2015- &gt;:</subfield>
    <subfield code="a">Philadelphia, PA :</subfield>
    <subfield code="b">Taylor &amp; Francis</subfield>
  </datafield>
  <datafield tag="260" ind1="3" ind2=" ">
    <subfield code="3">2018- :</subfield>
    <subfield code="a">Hoboken, NJ :</subfield>
    <subfield code="b">Wiley Subscription Services, Inc.</subfield>
  </datafield>
  <datafield tag="300" ind1=" " ind2=" ">
    <subfield code="a">volumes :</subfield>
    <subfield code="b">illustrations ;</subfield>
    <subfield code="c">26 cm</subfield>
  </datafield>
  <datafield tag="310" ind1=" " ind2=" ">
    <subfield code="a">Quarterly</subfield>
  </datafield>
  <datafield tag="336" ind1=" " ind2=" ">
    <subfield code="a">text</subfield>
    <subfield code="b">txt</subfield>
    <subfield code="2">rdacontent</subfield>
  </datafield>
  <datafield tag="337" ind1=" " ind2=" ">
    <subfield code="a">unmediated</subfield>
    <subfield code="b">n</subfield>
    <subfield code="2">rdamedia</subfield>
  </datafield>
  <datafield tag="338" ind1=" " ind2=" ">
    <subfield code="a">volume</subfield>
    <subfield code="b">nc</subfield>
    <subfield code="2">rdacarrier</subfield>
  </datafield>
  <datafield tag="362" ind1="0" ind2=" ">
    <subfield code="a">Vol. 1, no. 1 (Mar. 1989)-</subfield>
  </datafield>
  <datafield tag="500" ind1=" " ind2=" ">
    <subfield code="a">Title from cover.</subfield>
  </datafield>
  <datafield tag="530" ind1=" " ind2=" ">
    <subfield code="a">Also issued online.</subfield>
  </datafield>
  <datafield tag="588" ind1=" " ind2=" ">
    <subfield code="a">Latest issue consulted: Vol. 31, issue 2 (June 2019).</subfield>
  </datafield>
  <datafield tag="590" ind1=" " ind2=" ">
    <subfield code="a">SERBIB/SERLOC merged record</subfield>
  </datafield>
  <datafield tag="650" ind1=" " ind2="0">
    <subfield code="a">Aquatic animals</subfield>
    <subfield code="v">Periodicals.</subfield>
  </datafield>
  <datafield tag="650" ind1=" " ind2="0">
    <subfield code="a">Aquatic animals</subfield>
    <subfield code="x">Diseases</subfield>
    <subfield code="v">Periodicals.</subfield>
  </datafield>
  <datafield tag="650" ind1=" " ind2="6">
    <subfield code="a">Faune aquatique</subfield>
    <subfield code="v">Périodiques.</subfield>
  </datafield>
  <datafield tag="650" ind1=" " ind2="6">
    <subfield code="a">Faune aquatique</subfield>
    <subfield code="x">Maladies</subfield>
    <subfield code="v">Périodiques.</subfield>
  </datafield>
  <datafield tag="650" ind1=" " ind2="7">
    <subfield code="a">Aquatic animals.</subfield>
    <subfield code="2">fast</subfield>
    <subfield code="0">(OCoLC)fst00811951</subfield>
  </datafield>
  <datafield tag="650" ind1=" " ind2="7">
    <subfield code="a">Aquatic animals</subfield>
    <subfield code="x">Diseases.</subfield>
    <subfield code="2">fast</subfield>
    <subfield code="0">(OCoLC)fst00811953</subfield>
  </datafield>
  <datafield tag="650" ind1="1" ind2="2">
    <subfield code="a">Fishes.</subfield>
  </datafield>
  <datafield tag="650" ind1="2" ind2="2">
    <subfield code="a">Invertebrates.</subfield>
  </datafield>
  <datafield tag="650" ind1="2" ind2="2">
    <subfield code="a">Fish Diseases.</subfield>
  </datafield>
  <datafield tag="655" ind1=" " ind2="7">
    <subfield code="a">Periodicals.</subfield>
    <subfield code="2">fast</subfield>
    <subfield code="0">(OCoLC)fst01411641</subfield>
  </datafield>
  <datafield tag="655" ind1=" " ind2="2">
    <subfield code="a">Periodicals.</subfield>
  </datafield>
  <datafield tag="710" ind1="2" ind2=" ">
    <subfield code="a">American Fisheries Society.</subfield>
  </datafield>
  <datafield tag="776" ind1="1" ind2=" ">
    <subfield code="t">Journal of aquatic animal health (Online)</subfield>
    <subfield code="x">1548-8667</subfield>
    <subfield code="w">(DLC)  2004212161</subfield>
    <subfield code="w">(OCoLC)46325780</subfield>
  </datafield>
  <datafield tag="850" ind1=" " ind2=" ">
    <subfield code="a">AAP</subfield>
    <subfield code="a">AU</subfield>
    <subfield code="a">ArU</subfield>
    <subfield code="a">AzTeS</subfield>
    <subfield code="a">C</subfield>
    <subfield code="a">CU-A</subfield>
    <subfield code="a">CU-AM</subfield>
    <subfield code="a">CU-S</subfield>
    <subfield code="a">CU-SB</subfield>
    <subfield code="a">CaBVaU</subfield>
    <subfield code="a">CaNSHD</subfield>
    <subfield code="a">CaOTU</subfield>
    <subfield code="a">CoFS</subfield>
    <subfield code="a">DNAL</subfield>
    <subfield code="a">DeU</subfield>
    <subfield code="a">DLC</subfield>
    <subfield code="a">ICarbS</subfield>
    <subfield code="a">IaAS</subfield>
    <subfield code="a">InLP</subfield>
    <subfield code="a">InU</subfield>
    <subfield code="a">KMK</subfield>
    <subfield code="a">KPT</subfield>
    <subfield code="a">KyU</subfield>
    <subfield code="a">LU</subfield>
    <subfield code="a">MH-Z</subfield>
    <subfield code="a">MWhB</subfield>
    <subfield code="a">MiEM</subfield>
    <subfield code="a">MiU</subfield>
    <subfield code="a">MoKL</subfield>
    <subfield code="a">MoU</subfield>
    <subfield code="a">N</subfield>
    <subfield code="a">NBuU-SE</subfield>
    <subfield code="a">NIC</subfield>
    <subfield code="a">NRU</subfield>
    <subfield code="a">NcD</subfield>
    <subfield code="a">NcRS</subfield>
    <subfield code="a">NcU</subfield>
    <subfield code="a">NcWsW</subfield>
    <subfield code="a">NdU</subfield>
    <subfield code="a">NjR</subfield>
    <subfield code="a">NmU</subfield>
    <subfield code="a">OU</subfield>
    <subfield code="a">OrU</subfield>
    <subfield code="a">PBL</subfield>
    <subfield code="a">TU</subfield>
    <subfield code="a">TxCM</subfield>
    <subfield code="a">TxHR</subfield>
    <subfield code="a">ULA</subfield>
    <subfield code="a">ViBlbV</subfield>
    <subfield code="a">ViW</subfield>
    <subfield code="a">WaU</subfield>
  </datafield>
  <datafield tag="859" ind1="4" ind2="1">
    <subfield code="u">http://www.tandfonline.com/toc/uahh20/current#.VEALLRY0_9p</subfield>
  </datafield>
  <datafield tag="859" ind1="4" ind2=" ">
    <subfield code="u">http://onlinelibrary.wiley.com/journal/10.1002/(ISSN)1548-8667</subfield>
  </datafield>
  <datafield tag="853" ind1="3" ind2="3">
    <subfield code="8">1</subfield>
    <subfield code="a">v.</subfield>
    <subfield code="b">no.</subfield>
    <subfield code="u">4</subfield>
    <subfield code="v">r</subfield>
    <subfield code="i">(year)</subfield>
    <subfield code="j">(month)</subfield>
    <subfield code="w">q</subfield>
    <subfield code="x">03</subfield>
  </datafield>
  <datafield tag="863" ind1="4" ind2="0">
    <subfield code="8">1.1</subfield>
    <subfield code="a">&lt;13&gt;</subfield>
    <subfield code="b">&lt;2&gt;</subfield>
    <subfield code="i">&lt;2001&gt;</subfield>
    <subfield code="j">&lt;06&gt;</subfield>
  </datafield>
  <datafield tag="890" ind1=" " ind2=" ">
    <subfield code="a">Journal of aquatic animal health.</subfield>
    <subfield code="i">sf93-92509</subfield>
  </datafield>
  <datafield tag="906" ind1=" " ind2=" ">
    <subfield code="a">7</subfield>
    <subfield code="b">cbc</subfield>
    <subfield code="c">serials</subfield>
    <subfield code="d">u</subfield>
    <subfield code="e">ncip</subfield>
    <subfield code="f">19</subfield>
    <subfield code="g">n-oclcserc</subfield>
  </datafield>
  <datafield tag="920" ind1=" " ind2=" ">
    <subfield code="a">Keep 1</subfield>
  </datafield>
  <datafield tag="984" ind1=" " ind2=" ">
    <subfield code="a">srvf</subfield>
  </datafield>
  <datafield tag="985" ind1=" " ind2=" ">
    <subfield code="e">eserial 200406</subfield>
  </datafield>
  <datafield tag="991" ind1=" " ind2=" ">
    <subfield code="b">c-Ser</subfield>
    <subfield code="h">WMLC 93/306</subfield>
    <subfield code="w">SERIALS</subfield>
  </datafield>
  <datafield tag="992" ind1=" " ind2=" ">
    <subfield code="b">SER</subfield>
    <subfield code="w">SERLOC</subfield>
  </datafield>
</record>