
<record>
  <leader>01731cas a2200385 a 4500</leader>
  <controlfield tag="001">11483142</controlfield>
  <controlfield tag="005">20200103120002.0</controlfield>
  <controlfield tag="008">970925c19uu9999cx ar     ls f0    0fre  </controlfield>
  <datafield tag="906" ind1=" " ind2=" ">
    <subfield code="a">7</subfield>
    <subfield code="b">cbc</subfield>
    <subfield code="c">serials</subfield>
    <subfield code="d">u</subfield>
    <subfield code="e">ncip</subfield>
    <subfield code="f">19</subfield>
    <subfield code="g">n-oclcserc</subfield>
  </datafield>
  <datafield tag="955" ind1=" " ind2=" ">
    <subfield code="g">bc06 2019-12-13 (telework/credit) to BCCD</subfield>
    <subfield code="g">bc06 2019-12-16 (telework/credit) to BCCD</subfield>
    <subfield code="g">bc06 2019-12-20 (telework) to BCCD</subfield>
    <subfield code="g">bc06 2019-12-27 (telework/credit) to BCCD</subfield>
    <subfield code="g">bc06 2019-12-30 (telework/credit) to BCCD</subfield>
    <subfield code="g">bc06 2020-01-03 (telework) to BCCD</subfield>
  </datafield>
  <datafield tag="010" ind1=" " ind2=" ">
    <subfield code="a">   97644386 </subfield>
  </datafield>
  <datafield tag="012" ind1=" " ind2=" ">
    <subfield code="a">-3-7-1301234265-p-----</subfield>
  </datafield>
  <datafield tag="035" ind1=" " ind2=" ">
    <subfield code="a">(OCoLC)ocm37683511</subfield>
  </datafield>
  <datafield tag="040" ind1=" " ind2=" ">
    <subfield code="a">DLC</subfield>
    <subfield code="b">eng</subfield>
    <subfield code="c">DLC</subfield>
    <subfield code="d">MH</subfield>
    <subfield code="d">CLU</subfield>
    <subfield code="d">DLC</subfield>
    <subfield code="d">OCoLC</subfield>
  </datafield>
  <datafield tag="042" ind1=" " ind2=" ">
    <subfield code="a">pcc</subfield>
  </datafield>
  <datafield tag="043" ind1=" " ind2=" ">
    <subfield code="a">f-cx---</subfield>
  </datafield>
  <datafield tag="050" ind1="0" ind2="0">
    <subfield code="a">KRB353.3.A27</subfield>
    <subfield code="b">C46</subfield>
  </datafield>
  <datafield tag="110" ind1="1" ind2=" ">
    <subfield code="a">Central African Republic.</subfield>
  </datafield>
  <datafield tag="245" ind1="1" ind2="0">
    <subfield code="a">Loi ... portant modification de la loi ... arrêtant le budget de la République centrafricaine pour l&apos;année ...</subfield>
  </datafield>
  <datafield tag="246" ind1="1" ind2="4">
    <subfield code="a">Loi de finances rectificative</subfield>
    <subfield code="f">-1995</subfield>
  </datafield>
  <datafield tag="260" ind1=" " ind2=" ">
    <subfield code="a">[Bangui] :</subfield>
    <subfield code="b">République centrafricaine</subfield>
  </datafield>
  <datafield tag="310" ind1=" " ind2=" ">
    <subfield code="a">Annual</subfield>
  </datafield>
  <datafield tag="500" ind1=" " ind2=" ">
    <subfield code="a">At head of title: Présidence de la République, République centrafricaine.</subfield>
  </datafield>
  <datafield tag="588" ind1=" " ind2=" ">
    <subfield code="a">Description based on: 1995.</subfield>
  </datafield>
  <datafield tag="588" ind1=" " ind2=" ">
    <subfield code="a">Latest issue consulted: 2008.</subfield>
  </datafield>
  <datafield tag="588" ind1=" " ind2=" ">
    <subfield code="a">Latest issue consulted: 1996.</subfield>
  </datafield>
  <datafield tag="650" ind1=" " ind2="0">
    <subfield code="a">Budget</subfield>
    <subfield code="x">Law and legislation</subfield>
    <subfield code="z">Central African Republic</subfield>
    <subfield code="v">Periodicals.</subfield>
  </datafield>
  <datafield tag="710" ind1="1" ind2=" ">
    <subfield code="a">Central African Republic.</subfield>
    <subfield code="b">Présidence de la République.</subfield>
  </datafield>
  <datafield tag="850" ind1=" " ind2=" ">
    <subfield code="a">DLC</subfield>
  </datafield>
  <datafield tag="852" ind1=" " ind2=" ">
    <subfield code="x">universal pattern</subfield>
  </datafield>
  <datafield tag="853" ind1="0" ind2="0">
    <subfield code="8">1</subfield>
    <subfield code="a">no</subfield>
    <subfield code="i">(year)</subfield>
  </datafield>
  <datafield tag="863" ind1="4" ind2="1">
    <subfield code="8">1</subfield>
    <subfield code="a">&lt;2&gt;</subfield>
    <subfield code="i">&lt;1996&gt;</subfield>
    <subfield code="x">provisional</subfield>
  </datafield>
  <datafield tag="890" ind1=" " ind2=" ">
    <subfield code="a">Loi ... portant modification de la loi ... arrêtant le budget de la République centrafricaine pour l&apos;année ...</subfield>
  </datafield>
  <datafield tag="923" ind1=" " ind2=" ">
    <subfield code="a">purchase</subfield>
    <subfield code="s">Hogarth (93001367)</subfield>
  </datafield>
  <datafield tag="991" ind1=" " ind2=" ">
    <subfield code="b">c-LL</subfield>
    <subfield code="h">KRB353.3.A27</subfield>
    <subfield code="i">C46</subfield>
    <subfield code="w">SERIALS</subfield>
  </datafield>
</record>