
<record>
  <leader>05821cas a2200817 a 4500</leader>
  <controlfield tag="001">11483175</controlfield>
  <controlfield tag="005">20200103172914.0</controlfield>
  <controlfield tag="008">760721c19519999sa wr p       0   a0eng c</controlfield>
  <datafield tag="906" ind1=" " ind2=" ">
    <subfield code="a">7</subfield>
    <subfield code="b">cbc</subfield>
    <subfield code="c">serials</subfield>
    <subfield code="d">u</subfield>
    <subfield code="e">ncip</subfield>
    <subfield code="f">19</subfield>
    <subfield code="g">n-oclcserc</subfield>
  </datafield>
  <datafield tag="925" ind1="0" ind2=" ">
    <subfield code="a">Acquire</subfield>
    <subfield code="b">1 shelf copy</subfield>
    <subfield code="x">mlp, 2014-08-14</subfield>
  </datafield>
  <datafield tag="955" ind1=" " ind2=" ">
    <subfield code="g">bc06 2014-08-08 to SER</subfield>
    <subfield code="g">bc06 2014-10-09 to SER</subfield>
    <subfield code="g">bc06 2015-01-13 to SER</subfield>
    <subfield code="g">bc06 2015-01-16 to SER</subfield>
    <subfield code="g">bc06 2015-11-12 to SER</subfield>
    <subfield code="g">bc06 2015-11-13 to SER</subfield>
    <subfield code="g">bc06 2015-11-16 to SER</subfield>
    <subfield code="g">bc06 2016-02-22 to SER</subfield>
    <subfield code="g">bc06 2016-07-11 to SER (OT)</subfield>
    <subfield code="g">bc06 2016-07-15 to (telework) SER</subfield>
    <subfield code="g">bc06 2016-07-22 to (telework) SER</subfield>
    <subfield code="g">bc06 2016-07-25 to (telework) SER</subfield>
    <subfield code="g">bc06 2016-11-04 (telework) to SER</subfield>
    <subfield code="g">bc06 2017-02-03 (telework) to SER</subfield>
    <subfield code="g">bc06 2017-04-24 (telework) to SER</subfield>
    <subfield code="g">bc06 2017-06-23 (telework) to SER</subfield>
    <subfield code="g">bc06 2017-09-08 (telework) to SER</subfield>
    <subfield code="g">bc06 2017-12-08 (telework) to SER</subfield>
    <subfield code="g">bc06 2017-12-11 (telework/credit) to SER</subfield>
    <subfield code="g">bc06 2018-01-18 to SER</subfield>
    <subfield code="g">bc06 2018-05-11 (telework/credit) to SER</subfield>
    <subfield code="g">bc06 2018-05-14 (telework) to SER</subfield>
    <subfield code="g">bc06 2018-09-06 to SER</subfield>
    <subfield code="g">bc06 2018-11-19 (telework) to SER</subfield>
    <subfield code="g">bc06 2018-11-30 (telework/credit) to SER</subfield>
    <subfield code="g">bc06 2018-12-10 (telework) to SER</subfield>
  </datafield>
  <datafield tag="955" ind1=" " ind2=" ">
    <subfield code="g">bc06 2018-12-03 (telework) to SER</subfield>
    <subfield code="g">bc06 2018-12-10 (telework) to SER</subfield>
    <subfield code="g">bc06 2019-03-29 (telework/credit) to SER</subfield>
    <subfield code="g">bc06 2019-04-01 (telework) to SER</subfield>
    <subfield code="g">bc06 2019-04-05 (telework) to SER</subfield>
    <subfield code="g">bc06 2019-04-08 (telework) to SER</subfield>
    <subfield code="g">bc06 2019-04-12 (telework) to SER</subfield>
    <subfield code="g">bc06 2019-04-15 (telework) to SER</subfield>
    <subfield code="g">bc06 2019-04-19 (telework/credit) to SER</subfield>
    <subfield code="g">bc06 2019-04-22 (telework) to SER</subfield>
    <subfield code="g">bc06 2019-04-26 (telework) to SER</subfield>
    <subfield code="g">bc06 2019-05-03 (telework/overtime) to SER</subfield>
    <subfield code="g">bc06 2019-08-12 (telework) to SER</subfield>
    <subfield code="g">bc06 2019-08-30 (telework/credit) to SER</subfield>
    <subfield code="g">bc06 2019-09-16 (telework/overtime) to SER</subfield>
    <subfield code="g">bc06 2019-09-23 (telework/credit) to SER</subfield>
    <subfield code="g">bc06 2019-10-25 (telework/credit) to SER</subfield>
    <subfield code="g">bc06 2019-10-28 (telework) to SER</subfield>
    <subfield code="g">bc06 2019-11-18 (telework) to SER</subfield>
    <subfield code="g">bc06 2019-11-22 (telework) to SER</subfield>
    <subfield code="g">bc06 2019-11-25 (telework) to SER</subfield>
    <subfield code="g">bc06 2019-11-29 (telework) to SER</subfield>
    <subfield code="g">bc06 2019-12-02 (telework) to SER</subfield>
    <subfield code="g">bc06 2019-12-06 (telework) to SER</subfield>
    <subfield code="g">bc06 2019-12-09 (telework/credit) to SER</subfield>
    <subfield code="g">bc06 2020-01-03 (telework/credit) to SER</subfield>
  </datafield>
  <datafield tag="010" ind1=" " ind2=" ">
    <subfield code="a">   97644420 </subfield>
    <subfield code="z">sn 94017343 </subfield>
  </datafield>
  <datafield tag="016" ind1="7" ind2=" ">
    <subfield code="a">007842866</subfield>
    <subfield code="2">Uk</subfield>
  </datafield>
  <datafield tag="022" ind1=" " ind2=" ">
    <subfield code="a">0419-7674</subfield>
    <subfield code="l">0419-7674</subfield>
  </datafield>
  <datafield tag="035" ind1=" " ind2=" ">
    <subfield code="a">(OCoLC)ocm02323286</subfield>
  </datafield>
  <datafield tag="040" ind1=" " ind2=" ">
    <subfield code="a">KSU</subfield>
    <subfield code="b">eng</subfield>
    <subfield code="c">KSU</subfield>
    <subfield code="d">IXA</subfield>
    <subfield code="d">CLU</subfield>
    <subfield code="d">CRL</subfield>
    <subfield code="d">NSD</subfield>
    <subfield code="d">DLC</subfield>
    <subfield code="d">GC0</subfield>
    <subfield code="d">OCLCQ</subfield>
    <subfield code="d">UKMGB</subfield>
    <subfield code="d">CLU</subfield>
    <subfield code="d">OCLCF</subfield>
    <subfield code="d">OCLCO</subfield>
    <subfield code="d">OCLCA</subfield>
    <subfield code="d">OCLCQ</subfield>
  </datafield>
  <datafield tag="042" ind1=" " ind2=" ">
    <subfield code="a">pcc</subfield>
  </datafield>
  <datafield tag="043" ind1=" " ind2=" ">
    <subfield code="a">f-sa---</subfield>
    <subfield code="a">f------</subfield>
  </datafield>
  <datafield tag="050" ind1="0" ind2="0">
    <subfield code="a">AP9</subfield>
    <subfield code="b">.D76</subfield>
  </datafield>
  <datafield tag="130" ind1="0" ind2=" ">
    <subfield code="a">Drum (Johannesburg, South Africa)</subfield>
  </datafield>
  <datafield tag="245" ind1="1" ind2="0">
    <subfield code="a">Drum :</subfield>
    <subfield code="b">a magazine of Africa for Africa.</subfield>
  </datafield>
  <datafield tag="246" ind1="1" ind2="3">
    <subfield code="a">African drum</subfield>
    <subfield code="f">Oct. 1951-Apr. 1952</subfield>
  </datafield>
  <datafield tag="249" ind1="0" ind2=" ">
    <subfield code="i">ACQUIRE Title:</subfield>
    <subfield code="a">Drum.  Johannesburg.</subfield>
  </datafield>
  <datafield tag="260" ind1=" " ind2=" ">
    <subfield code="3">Oct. 1951- :</subfield>
    <subfield code="a">Johannesburg :</subfield>
    <subfield code="b">African Drum Publications,</subfield>
    <subfield code="c">[1951]-</subfield>
  </datafield>
  <datafield tag="264" ind1="3" ind2="1">
    <subfield code="3">&lt;17 Nov. 2011-&gt; :</subfield>
    <subfield code="a">Cape Town :</subfield>
    <subfield code="b">Media 24</subfield>
  </datafield>
  <datafield tag="300" ind1=" " ind2=" ">
    <subfield code="a">volumes :</subfield>
    <subfield code="b">illustrations (some color) ;</subfield>
    <subfield code="c">28-36 cm</subfield>
  </datafield>
  <datafield tag="310" ind1=" " ind2=" ">
    <subfield code="a">Weekly,</subfield>
    <subfield code="b">Sept. 1996-&lt;10 July 1997&gt;</subfield>
  </datafield>
  <datafield tag="321" ind1=" " ind2=" ">
    <subfield code="a">Monthly,</subfield>
    <subfield code="b">1951-Apr. 1965</subfield>
  </datafield>
  <datafield tag="321" ind1=" " ind2=" ">
    <subfield code="a">Frequency varies,</subfield>
    <subfield code="b">May 1965-1971</subfield>
  </datafield>
  <datafield tag="321" ind1=" " ind2=" ">
    <subfield code="a">Twice monthly,</subfield>
    <subfield code="b">Jan. 1972-May 1976</subfield>
  </datafield>
  <datafield tag="321" ind1=" " ind2=" ">
    <subfield code="a">Monthly,</subfield>
    <subfield code="b">June 1976-Aug. 1996</subfield>
  </datafield>
  <datafield tag="336" ind1=" " ind2=" ">
    <subfield code="a">text</subfield>
    <subfield code="b">txt</subfield>
    <subfield code="2">rdacontent</subfield>
  </datafield>
  <datafield tag="337" ind1=" " ind2=" ">
    <subfield code="a">unmediated</subfield>
    <subfield code="b">n</subfield>
    <subfield code="2">rdamedia</subfield>
  </datafield>
  <datafield tag="338" ind1=" " ind2=" ">
    <subfield code="a">volume</subfield>
    <subfield code="b">nc</subfield>
    <subfield code="2">rdacarrier</subfield>
  </datafield>
  <datafield tag="362" ind1="0" ind2=" ">
    <subfield code="a">Vol. 1, no. 7 (Oct. 1951)-</subfield>
  </datafield>
  <datafield tag="500" ind1=" " ind2=" ">
    <subfield code="a">Published: Johannesburg : Drum Publications, May 1952-Feb. 1990; Sandton : Drum Publications, Mar. 1990-Oct. 1995; Cape Town : National Media, Nov. 1995-&lt;Oct. 1996&gt;</subfield>
  </datafield>
  <datafield tag="500" ind1=" " ind2=" ">
    <subfield code="a">Title from cover.</subfield>
  </datafield>
  <datafield tag="515" ind1=" " ind2=" ">
    <subfield code="a">Designated by vol., no., and date, v. 1, no. 1 (Oct. 1951)-v. 5, no. 10 (Oct. 1956); by continuous numbering and date, no. 69 (Nov. 1956)-no. 153 (Dec. 1963); by date, Jan. 1964-Sept. 1989; by continuous numbering (on most issues) and date, no. 130 (Oct. 1989)-#1000 (15 December 2011).</subfield>
  </datafield>
  <datafield tag="515" ind1=" " ind2=" ">
    <subfield code="a">Beginning with issue for 22 December 2011, numbering starts over with [new series], #001.</subfield>
  </datafield>
  <datafield tag="515" ind1=" " ind2=" ">
    <subfield code="a">Issues for May 1952-Nov. 1954 also include the chronological designations for: Drum (International ed), June 1952-Mar. 1954, and: Drum (West African ed.), Apr. 1954-Jan. 1955; issues for Dec. 1957-Jan. 1960 also include the chronological designation for: Drum (East Africa ed.), Jan. 1958-Feb. 1960.</subfield>
  </datafield>
  <datafield tag="525" ind1=" " ind2=" ">
    <subfield code="a">Includes supplements.</subfield>
  </datafield>
  <datafield tag="530" ind1=" " ind2=" ">
    <subfield code="a">Also issued on microfilm from South African Library, from Microfile, from 3M IM Press, and from New York Public Library.</subfield>
  </datafield>
  <datafield tag="580" ind1=" " ind2=" ">
    <subfield code="a">Issued as a supplement to: Post (Johannesburg, South Africa : 1960), May 1965-&lt;Feb. 25, 1968&gt;</subfield>
  </datafield>
  <datafield tag="580" ind1=" " ind2=" ">
    <subfield code="a">Also issued, at various times, in numerous geographic editions, covering parts of South Africa, and other African countries and regions.</subfield>
  </datafield>
  <datafield tag="588" ind1=" " ind2=" ">
    <subfield code="a">Latest issue consulted: [New series], #008 (16 February 2012).</subfield>
  </datafield>
  <datafield tag="590" ind1=" " ind2=" ">
    <subfield code="a">SERBIB/SERLOC merged record</subfield>
  </datafield>
  <datafield tag="592" ind1=" " ind2=" ">
    <subfield code="a">ACQN: aq 94010965</subfield>
  </datafield>
  <datafield tag="592" ind1=" " ind2=" ">
    <subfield code="a">1998/11</subfield>
  </datafield>
  <datafield tag="592" ind1=" " ind2=" ">
    <subfield code="a">consec. no.</subfield>
  </datafield>
  <datafield tag="592" ind1=" " ind2=" ">
    <subfield code="a">purchase order# 315044</subfield>
  </datafield>
  <datafield tag="651" ind1=" " ind2="0">
    <subfield code="a">South Africa</subfield>
    <subfield code="v">Periodicals.</subfield>
  </datafield>
  <datafield tag="651" ind1=" " ind2="0">
    <subfield code="a">Africa</subfield>
    <subfield code="v">Periodicals.</subfield>
  </datafield>
  <datafield tag="651" ind1=" " ind2="7">
    <subfield code="a">Africa.</subfield>
    <subfield code="2">fast</subfield>
    <subfield code="0">(OCoLC)fst01239509</subfield>
  </datafield>
  <datafield tag="651" ind1=" " ind2="7">
    <subfield code="a">South Africa.</subfield>
    <subfield code="2">fast</subfield>
    <subfield code="0">(OCoLC)fst01204616</subfield>
  </datafield>
  <datafield tag="655" ind1=" " ind2="7">
    <subfield code="a">Periodicals.</subfield>
    <subfield code="2">fast</subfield>
    <subfield code="0">(OCoLC)fst01411641</subfield>
  </datafield>
  <datafield tag="730" ind1="0" ind2=" ">
    <subfield code="a">Post (Johannesburg, South Africa : 1960)</subfield>
  </datafield>
  <datafield tag="772" ind1="1" ind2=" ">
    <subfield code="t">Post (Johannesburg, South Africa : 1960)</subfield>
    <subfield code="w">(DLC)sn 89049039</subfield>
    <subfield code="w">(OCoLC)19121893</subfield>
  </datafield>
  <datafield tag="776" ind1="1" ind2=" ">
    <subfield code="c">Microfilm</subfield>
    <subfield code="d">New York Public Library</subfield>
    <subfield code="w">(DLC)sn 94089974</subfield>
    <subfield code="w">(OCoLC)32526531</subfield>
  </datafield>
  <datafield tag="776" ind1="0" ind2="8">
    <subfield code="i">Online version:</subfield>
    <subfield code="t">Drum (Johannesburg, South Africa)</subfield>
    <subfield code="w">(OCoLC)755115561</subfield>
  </datafield>
  <datafield tag="780" ind1="0" ind2="0">
    <subfield code="t">African drum</subfield>
    <subfield code="w">(DLC)   97644419</subfield>
    <subfield code="w">(OCoLC)37810512</subfield>
  </datafield>
  <datafield tag="850" ind1=" " ind2=" ">
    <subfield code="a">CLU</subfield>
    <subfield code="a">DLC</subfield>
  </datafield>
  <datafield tag="890" ind1=" " ind2=" ">
    <subfield code="a">Drum.  Johannesburg.</subfield>
    <subfield code="i">97-644420</subfield>
  </datafield>
  <datafield tag="920" ind1=" " ind2=" ">
    <subfield code="a">Keep 1</subfield>
  </datafield>
  <datafield tag="923" ind1=" " ind2=" ">
    <subfield code="a">purchase</subfield>
    <subfield code="s">Argo Publications; 93000284</subfield>
  </datafield>
  <datafield tag="923" ind1=" " ind2=" ">
    <subfield code="a">Purchase</subfield>
    <subfield code="s">Acura (V00011048)</subfield>
  </datafield>
  <datafield tag="984" ind1=" " ind2=" ">
    <subfield code="a">srvf</subfield>
    <subfield code="d">2002-08-09</subfield>
  </datafield>
  <datafield tag="991" ind1=" " ind2=" ">
    <subfield code="b">c-GenColl</subfield>
    <subfield code="h">AP9</subfield>
    <subfield code="i">.D76</subfield>
    <subfield code="w">SERIALS</subfield>
  </datafield>
  <datafield tag="991" ind1=" " ind2=" ">
    <subfield code="b">c-Ser</subfield>
    <subfield code="w">ACQUIRE</subfield>
  </datafield>
  <datafield tag="992" ind1=" " ind2=" ">
    <subfield code="b">EMPTY</subfield>
    <subfield code="w">ACQUIRE</subfield>
  </datafield>
  <datafield tag="992" ind1=" " ind2=" ">
    <subfield code="b">SER</subfield>
    <subfield code="w">SERLOC</subfield>
  </datafield>
</record>