
<record>
  <leader>02395cas a2200553 a 4500</leader>
  <controlfield tag="001">11737767</controlfield>
  <controlfield tag="005">20200103095401.0</controlfield>
  <controlfield tag="008">940110d19931999nyuar     r   0   a0eng c</controlfield>
  <datafield tag="906" ind1=" " ind2=" ">
    <subfield code="a">7</subfield>
    <subfield code="b">cbc</subfield>
    <subfield code="c">serials</subfield>
    <subfield code="d">2</subfield>
    <subfield code="e">ncip</subfield>
    <subfield code="f">19</subfield>
    <subfield code="g">n-oclcserc</subfield>
  </datafield>
  <datafield tag="955" ind1=" " ind2=" ">
    <subfield code="a">To SerCat 2002-3-28 dg12</subfield>
    <subfield code="i">db01 2002-04-01 for Serials Holdings Conversion Project (no pieces);</subfield>
    <subfield code="k">xf15 2020-01-03 (telework)</subfield>
  </datafield>
  <datafield tag="592" ind1=" " ind2=" ">
    <subfield code="a">ACQN: aq 94022542</subfield>
  </datafield>
  <datafield tag="592" ind1=" " ind2=" ">
    <subfield code="a">Modern plastics ceased publication in 1992.  LOIS subscription had been for both titles together.</subfield>
  </datafield>
  <datafield tag="010" ind1=" " ind2=" ">
    <subfield code="a">sn 93037041 </subfield>
  </datafield>
  <datafield tag="016" ind1="7" ind2=" ">
    <subfield code="a">011482485</subfield>
    <subfield code="2">Uk</subfield>
  </datafield>
  <datafield tag="022" ind1="0" ind2=" ">
    <subfield code="a">2690-0068</subfield>
    <subfield code="y">0026-8275</subfield>
    <subfield code="2">1</subfield>
  </datafield>
  <datafield tag="035" ind1=" " ind2=" ">
    <subfield code="a">(OCoLC)ocm27319729</subfield>
  </datafield>
  <datafield tag="040" ind1=" " ind2=" ">
    <subfield code="a">MPI</subfield>
    <subfield code="b">eng</subfield>
    <subfield code="c">MPI</subfield>
    <subfield code="d">MYG</subfield>
    <subfield code="d">HUL</subfield>
    <subfield code="d">NYG</subfield>
    <subfield code="d">IUL</subfield>
    <subfield code="d">NYG</subfield>
    <subfield code="d">WAU</subfield>
    <subfield code="d">IUL</subfield>
    <subfield code="d">HNK</subfield>
    <subfield code="d">DLC</subfield>
    <subfield code="d">HUL</subfield>
    <subfield code="d">UKMGB</subfield>
    <subfield code="d">OCLCQ</subfield>
    <subfield code="d">OCLCF</subfield>
    <subfield code="d">OCLCO</subfield>
    <subfield code="d">FUG</subfield>
    <subfield code="d">DLC</subfield>
  </datafield>
  <datafield tag="042" ind1=" " ind2=" ">
    <subfield code="a">pcc</subfield>
    <subfield code="a">nsdp</subfield>
  </datafield>
  <datafield tag="050" ind1="0" ind2="0">
    <subfield code="a">TP1101</subfield>
    <subfield code="b">.M62</subfield>
  </datafield>
  <datafield tag="082" ind1="1" ind2="0">
    <subfield code="a">668.4</subfield>
    <subfield code="2">23</subfield>
  </datafield>
  <datafield tag="082" ind1="0" ind2="4">
    <subfield code="a">679</subfield>
    <subfield code="b">qM68</subfield>
  </datafield>
  <datafield tag="222" ind1=" " ind2="0">
    <subfield code="a">Modern plastics encyclopedia ... &amp; buyers&apos; guide</subfield>
  </datafield>
  <datafield tag="245" ind1="0" ind2="0">
    <subfield code="a">Modern plastics encyclopedia ... &amp; buyers&apos; guide.</subfield>
  </datafield>
  <datafield tag="246" ind1="3" ind2=" ">
    <subfield code="a">Modern plastics encyclopedia ... and buyers&apos; guide</subfield>
  </datafield>
  <datafield tag="246" ind1="1" ind2="3">
    <subfield code="a">Modern plastics encyclopedia ... with buyers&apos; guide</subfield>
    <subfield code="f">1995-1999</subfield>
  </datafield>
  <datafield tag="246" ind1="1" ind2="3">
    <subfield code="a">Modern plastics special buyers&apos; guide &amp; encyclopedia issue for ...</subfield>
    <subfield code="f">1993</subfield>
  </datafield>
  <datafield tag="246" ind1="1" ind2="3">
    <subfield code="a">Modern plastics encyclopedia</subfield>
  </datafield>
  <datafield tag="246" ind1="1" ind2="8">
    <subfield code="a">Modern plastics encyclopedia ... &amp; buyers&apos; guide issue</subfield>
    <subfield code="f">1993-1994</subfield>
  </datafield>
  <datafield tag="260" ind1=" " ind2=" ">
    <subfield code="a">New York, NY :</subfield>
    <subfield code="b">McGraw-Hill,</subfield>
    <subfield code="c">c1992-c1998.</subfield>
  </datafield>
  <datafield tag="300" ind1=" " ind2=" ">
    <subfield code="a">7 v. :</subfield>
    <subfield code="b">ill. ;</subfield>
    <subfield code="c">28 cm.</subfield>
  </datafield>
  <datafield tag="310" ind1=" " ind2=" ">
    <subfield code="a">Annual</subfield>
  </datafield>
  <datafield tag="336" ind1=" " ind2=" ">
    <subfield code="a">text</subfield>
    <subfield code="b">txt</subfield>
    <subfield code="2">rdacontent</subfield>
  </datafield>
  <datafield tag="337" ind1=" " ind2=" ">
    <subfield code="a">unmediated</subfield>
    <subfield code="b">n</subfield>
    <subfield code="2">rdamedia</subfield>
  </datafield>
  <datafield tag="338" ind1=" " ind2=" ">
    <subfield code="a">volume</subfield>
    <subfield code="b">nc</subfield>
    <subfield code="2">rdacarrier</subfield>
  </datafield>
  <datafield tag="362" ind1="0" ind2=" ">
    <subfield code="a">&apos;93-&apos;99.</subfield>
  </datafield>
  <datafield tag="500" ind1=" " ind2=" ">
    <subfield code="a">Title from cover.</subfield>
  </datafield>
  <datafield tag="580" ind1=" " ind2=" ">
    <subfield code="a">Published as a special issue of: Modern plastics.</subfield>
  </datafield>
  <datafield tag="650" ind1=" " ind2="0">
    <subfield code="a">Plastics</subfield>
    <subfield code="v">Periodicals.</subfield>
  </datafield>
  <datafield tag="650" ind1=" " ind2="0">
    <subfield code="a">Plastics industry and trade</subfield>
    <subfield code="v">Directories.</subfield>
  </datafield>
  <datafield tag="650" ind1=" " ind2="7">
    <subfield code="a">Plastics.</subfield>
    <subfield code="2">fast</subfield>
    <subfield code="0">(OCoLC)fst01066542</subfield>
  </datafield>
  <datafield tag="650" ind1=" " ind2="7">
    <subfield code="a">Plastics industry and trade.</subfield>
    <subfield code="2">fast</subfield>
    <subfield code="0">(OCoLC)fst01066679</subfield>
  </datafield>
  <datafield tag="655" ind1=" " ind2="7">
    <subfield code="a">Directories.</subfield>
    <subfield code="2">fast</subfield>
    <subfield code="0">(OCoLC)fst01423796</subfield>
  </datafield>
  <datafield tag="655" ind1=" " ind2="7">
    <subfield code="a">Periodicals.</subfield>
    <subfield code="2">fast</subfield>
    <subfield code="0">(OCoLC)fst01411641</subfield>
  </datafield>
  <datafield tag="730" ind1="0" ind2=" ">
    <subfield code="a">Modern plastics.</subfield>
  </datafield>
  <datafield tag="777" ind1="1" ind2=" ">
    <subfield code="t">Modern plastics</subfield>
    <subfield code="x">0026-8275</subfield>
    <subfield code="w">(DLC)   88641619</subfield>
    <subfield code="w">(OCoLC)4696134</subfield>
  </datafield>
  <datafield tag="780" ind1="0" ind2="0">
    <subfield code="t">Modern plastics encyclopedia (New York, N.Y. : 1966)</subfield>
    <subfield code="x">2690-005X</subfield>
    <subfield code="w">(DLC)sc 85001174</subfield>
    <subfield code="w">(OCoLC)4696118</subfield>
  </datafield>
  <datafield tag="785" ind1="0" ind2="0">
    <subfield code="t">Modern plastics world encyclopedia</subfield>
    <subfield code="x">1539-4344</subfield>
    <subfield code="w">(DLC)   00252041</subfield>
    <subfield code="w">(OCoLC)43067779</subfield>
  </datafield>
  <datafield tag="850" ind1=" " ind2=" ">
    <subfield code="a">DLC</subfield>
    <subfield code="a">InU</subfield>
    <subfield code="a">MCM</subfield>
    <subfield code="a">N</subfield>
  </datafield>
  <datafield tag="920" ind1=" " ind2=" ">
    <subfield code="a">Keep 1</subfield>
  </datafield>
</record>