
<record>
  <leader>01211ccm a22002774a 4500</leader>
  <controlfield tag="001">11874507</controlfield>
  <controlfield tag="005">20200103160004.0</controlfield>
  <controlfield tag="008">991221s1998    moufmz         n         </controlfield>
  <datafield tag="906" ind1=" " ind2=" ">
    <subfield code="a">7</subfield>
    <subfield code="b">cbc</subfield>
    <subfield code="c">orignew</subfield>
    <subfield code="d">4</subfield>
    <subfield code="e">ncip</subfield>
    <subfield code="f">19</subfield>
    <subfield code="g">y-genmusic</subfield>
  </datafield>
  <datafield tag="925" ind1="0" ind2=" ">
    <subfield code="a">acquire</subfield>
    <subfield code="b">1 shelf copy</subfield>
    <subfield code="x">policy default</subfield>
  </datafield>
  <datafield tag="955" ind1=" " ind2=" ">
    <subfield code="a">vk91 to vk00 12-21-99</subfield>
    <subfield code="i">vk09 2001-07-30</subfield>
    <subfield code="e">vk09 2001-07-30 SRs to M/B/RS</subfield>
    <subfield code="e">vl09 2001-11-28 printed music to BCCD</subfield>
  </datafield>
  <datafield tag="010" ind1=" " ind2=" ">
    <subfield code="a">   99481964 </subfield>
  </datafield>
  <datafield tag="020" ind1=" " ind2=" ">
    <subfield code="a">0786638516</subfield>
  </datafield>
  <datafield tag="028" ind1="3" ind2="2">
    <subfield code="a">MB97259BCD</subfield>
    <subfield code="b">Mel Bay</subfield>
  </datafield>
  <datafield tag="040" ind1=" " ind2=" ">
    <subfield code="a">DLC</subfield>
    <subfield code="c">DLC</subfield>
    <subfield code="d">DLC</subfield>
  </datafield>
  <datafield tag="042" ind1=" " ind2=" ">
    <subfield code="a">pcc</subfield>
  </datafield>
  <datafield tag="050" ind1="0" ind2="0">
    <subfield code="a">M125</subfield>
    <subfield code="b">.M323 1998</subfield>
  </datafield>
  <datafield tag="245" ind1="0" ind2="0">
    <subfield code="a">Mel Bay presents Steve Baughman, Celtic fingerstyle guitar solos.</subfield>
  </datafield>
  <datafield tag="246" ind1="3" ind2="0">
    <subfield code="a">Steve Baughman, Celtic fingerstyle guitar solos</subfield>
  </datafield>
  <datafield tag="246" ind1="3" ind2="0">
    <subfield code="a">Celtic fingerstyle guitar solos</subfield>
  </datafield>
  <datafield tag="260" ind1=" " ind2=" ">
    <subfield code="a">Pacific, MO :</subfield>
    <subfield code="b">Mel Bay,</subfield>
    <subfield code="c">c1998.</subfield>
  </datafield>
  <datafield tag="300" ind1=" " ind2=" ">
    <subfield code="a">56 p. of music ;</subfield>
    <subfield code="c">30 cm. +</subfield>
    <subfield code="e">1 sound disc (digital ; 4 3/4 in.)</subfield>
  </datafield>
  <datafield tag="505" ind1="0" ind2=" ">
    <subfield code="a">John Kelly&apos;s/Saint Anne&apos;s reel -- Planxty Pegeen -- Lord Inchiquin -- My darling&apos;s asleep/Hogan&apos;s jig -- Liberty/Mrs. McLeod&apos;s -- Lady Gethin/Planxty George Brabazon -- Hey McLeod, get off my ewe -- Planxty Bongwater -- Greensleeves.</subfield>
  </datafield>
  <datafield tag="650" ind1=" " ind2="0">
    <subfield code="a">Guitar music.</subfield>
  </datafield>
  <datafield tag="650" ind1=" " ind2="0">
    <subfield code="a">Celtic music.</subfield>
  </datafield>
  <datafield tag="700" ind1="1" ind2=" ">
    <subfield code="a">Baughman, Steve,</subfield>
    <subfield code="d">1959-</subfield>
  </datafield>
</record>