
<record>
  <leader>04265cgm a2200805 a 4500</leader>
  <controlfield tag="001">11895165</controlfield>
  <controlfield tag="005">20200103193043.0</controlfield>
  <controlfield tag="007">mr bf  dnnartnna|------</controlfield>
  <controlfield tag="007">mr bf  fnnartnna|------</controlfield>
  <controlfield tag="007">mr bf  dnnbdtnna|------</controlfield>
  <controlfield tag="007">cr b| ||||||||</controlfield>
  <controlfield tag="007">mr bf  fnnbdanna|------</controlfield>
  <controlfield tag="007">mr bf  dnnaeanna|------</controlfield>
  <controlfield tag="007">kh bo </controlfield>
  <controlfield tag="008">000121s1904    xxu002            mleng  </controlfield>
  <datafield tag="906" ind1=" " ind2=" ">
    <subfield code="a">0</subfield>
    <subfield code="b">cbc</subfield>
    <subfield code="c">origcop</subfield>
    <subfield code="d">u</subfield>
    <subfield code="e">ncip</subfield>
    <subfield code="f">20</subfield>
    <subfield code="g">y-movingim</subfield>
  </datafield>
  <datafield tag="955" ind1=" " ind2=" ">
    <subfield code="i">qm22 2020-01-03</subfield>
  </datafield>
  <datafield tag="010" ind1=" " ind2=" ">
    <subfield code="a">   00563601 </subfield>
  </datafield>
  <datafield tag="017" ind1=" " ind2=" ">
    <subfield code="a">H54720</subfield>
    <subfield code="b">U.S Copyright Office</subfield>
  </datafield>
  <datafield tag="033" ind1="0" ind2="0">
    <subfield code="a">19041217</subfield>
    <subfield code="b">3824</subfield>
    <subfield code="c">D678</subfield>
  </datafield>
  <datafield tag="040" ind1=" " ind2=" ">
    <subfield code="a">DLC</subfield>
    <subfield code="c">DLC</subfield>
    <subfield code="e">amim</subfield>
    <subfield code="d">DLC</subfield>
  </datafield>
  <datafield tag="043" ind1=" " ind2=" ">
    <subfield code="a">n-us-pa</subfield>
  </datafield>
  <datafield tag="050" ind1="0" ind2="0">
    <subfield code="a">FLA 5101 (viewing print)</subfield>
  </datafield>
  <datafield tag="050" ind1="0" ind2="0">
    <subfield code="a">FEC 7085 (viewing print)</subfield>
  </datafield>
  <datafield tag="050" ind1="0" ind2="0">
    <subfield code="a">FRA 2058 (dupe neg pic)</subfield>
  </datafield>
  <datafield tag="050" ind1="0" ind2="0">
    <subfield code="a">FZA 0260 (dupe neg pic)</subfield>
  </datafield>
  <datafield tag="050" ind1="0" ind2="0">
    <subfield code="a">FRB 0623 (master pos pic)</subfield>
  </datafield>
  <datafield tag="050" ind1="0" ind2="0">
    <subfield code="a">Box 0109 (paper pos)</subfield>
  </datafield>
  <datafield tag="050" ind1="0" ind2="0">
    <subfield code="a">Box 5034B (paper pos, copy 2)</subfield>
  </datafield>
  <datafield tag="245" ind1="0" ind2="0">
    <subfield code="a">Mining operations, Pennsylvania coal fields /</subfield>
    <subfield code="c">Thomas A. Edison, Inc.</subfield>
  </datafield>
  <datafield tag="257" ind1=" " ind2=" ">
    <subfield code="a">United States.</subfield>
  </datafield>
  <datafield tag="260" ind1=" " ind2=" ">
    <subfield code="a">United States :</subfield>
    <subfield code="b">Thomas A. Edison, Inc.,</subfield>
    <subfield code="c">1904.</subfield>
  </datafield>
  <datafield tag="300" ind1=" " ind2=" ">
    <subfield code="3">viewing print</subfield>
    <subfield code="a">1 film reel of 1 (70 ft.) :</subfield>
    <subfield code="b">si., b&amp;w ;</subfield>
    <subfield code="c">16 mm.</subfield>
  </datafield>
  <datafield tag="300" ind1=" " ind2=" ">
    <subfield code="3">viewing print</subfield>
    <subfield code="a">1 film reel of 1 (ca. 135 ft.) :</subfield>
    <subfield code="b">si., b&amp;w ;</subfield>
    <subfield code="c">35 mm.</subfield>
  </datafield>
  <datafield tag="300" ind1=" " ind2=" ">
    <subfield code="3">dupe neg pic</subfield>
    <subfield code="a">1 film reel of 1 (70 ft.) :</subfield>
    <subfield code="b">si., b&amp;w ;</subfield>
    <subfield code="c">16 mm.</subfield>
  </datafield>
  <datafield tag="300" ind1=" " ind2=" ">
    <subfield code="3">dupe neg pic</subfield>
    <subfield code="a">1 film reel of 1 (ca. 135 ft.) :</subfield>
    <subfield code="b">si., b&amp;w ;</subfield>
    <subfield code="c">35 mm.</subfield>
  </datafield>
  <datafield tag="300" ind1=" " ind2=" ">
    <subfield code="3">master pos pic</subfield>
    <subfield code="a">1 film reel of 1 (ca. 70 ft.) :</subfield>
    <subfield code="b">si., b&amp;w ;</subfield>
    <subfield code="c">16 mm.</subfield>
  </datafield>
  <datafield tag="300" ind1=" " ind2=" ">
    <subfield code="3">paper pos</subfield>
    <subfield code="a">1 roll of 1 (ca. 135 ft.) :</subfield>
    <subfield code="b">b&amp;w ;</subfield>
    <subfield code="c">35 mm.</subfield>
  </datafield>
  <datafield tag="300" ind1=" " ind2=" ">
    <subfield code="3">paper pos (copy 2)</subfield>
    <subfield code="a">1 roll of 1 (ca. 135 ft.) :</subfield>
    <subfield code="b">b&amp;w ;</subfield>
    <subfield code="c">35 mm.</subfield>
  </datafield>
  <datafield tag="500" ind1=" " ind2=" ">
    <subfield code="a">Copyright: Thomas A. Edison, Inc.; 23Dec04; H54720.</subfield>
  </datafield>
  <datafield tag="508" ind1=" " ind2=" ">
    <subfield code="a">Cameraman, W.L. Jamison.</subfield>
  </datafield>
  <datafield tag="500" ind1=" " ind2=" ">
    <subfield code="a">Duration: 2:25 at 16 fps.</subfield>
  </datafield>
  <datafield tag="518" ind1=" " ind2=" ">
    <subfield code="a">Filmed December 17, 1904 in Drifton, Pennsylvania (in Hazle Township).</subfield>
  </datafield>
  <datafield tag="520" ind1=" " ind2=" ">
    <subfield code="a">&quot;The film opens on an area covered with snow where the following operations are visible: track laying, and dirt moving by explosion, grader, steam shovel, and steam engine&quot;--Early motion pictures.</subfield>
  </datafield>
  <datafield tag="500" ind1=" " ind2=" ">
    <subfield code="a">Paper print shelf number (LC 2087) was changed when the paper prints were re-housed.</subfield>
    <subfield code="5">DLC</subfield>
  </datafield>
  <datafield tag="500" ind1=" " ind2=" ">
    <subfield code="a">Additional holdings for this title may be available. Contact reference librarian.</subfield>
    <subfield code="5">DLC</subfield>
  </datafield>
  <datafield tag="530" ind1=" " ind2=" ">
    <subfield code="a">Available also through the Library of Congress Web site as digital files.</subfield>
  </datafield>
  <datafield tag="500" ind1=" " ind2=" ">
    <subfield code="a">Sources used: Niver, K. Early motion pictures, p. 208; AFI catalog, film beginnings, 1893-1910, p. 677;  Edison films catalog, no. 288, July, 1906, p. 107.</subfield>
  </datafield>
  <datafield tag="581" ind1=" " ind2=" ">
    <subfield code="a">Early motion pictures : the Paper Print Collection in the Library of Congress / by Kemp R. Niver. Library of  Congress. 1985.</subfield>
  </datafield>
  <datafield tag="541" ind1=" " ind2=" ">
    <subfield code="3">16mm VIEWING PRINT</subfield>
    <subfield code="d">Received: 1955-07-05 from Primrose Productions;</subfield>
    <subfield code="c">preservation;</subfield>
    <subfield code="a">Paper Print Collection.</subfield>
  </datafield>
  <datafield tag="541" ind1=" " ind2=" ">
    <subfield code="3">35mm VIEWING PRINT</subfield>
    <subfield code="d">Received: 1993-02-03 from LC film lab;</subfield>
    <subfield code="c">preservation;</subfield>
    <subfield code="a">Paper Print Collection.</subfield>
  </datafield>
  <datafield tag="541" ind1=" " ind2=" ">
    <subfield code="3">16mm DNEG</subfield>
    <subfield code="d">Received: 1962-12-27 from Renovare Co.;</subfield>
    <subfield code="c">preservation;</subfield>
    <subfield code="a">Paper Print Collection.</subfield>
  </datafield>
  <datafield tag="541" ind1=" " ind2=" ">
    <subfield code="3">35mm DNEG</subfield>
    <subfield code="d">Received: 1992-07-27 from LC film lab;</subfield>
    <subfield code="c">preservation;</subfield>
    <subfield code="a">Paper Print Collection.</subfield>
  </datafield>
  <datafield tag="541" ind1=" " ind2=" ">
    <subfield code="3">16mm MASTERPOS</subfield>
    <subfield code="d">Received: ca. 1991 from Renovare Co.;</subfield>
    <subfield code="c">purchase;</subfield>
    <subfield code="a">Niver (Kemp) Collection.</subfield>
  </datafield>
  <datafield tag="541" ind1=" " ind2=" ">
    <subfield code="3">PAPER POS</subfield>
    <subfield code="d">Received: 1904-12-23;</subfield>
    <subfield code="c">copyright deposit;</subfield>
    <subfield code="a">Paper Print Collection.</subfield>
  </datafield>
  <datafield tag="650" ind1=" " ind2="0">
    <subfield code="a">Mines and mineral resources</subfield>
    <subfield code="z">Pennsylvania</subfield>
    <subfield code="z">Hazle (Township)</subfield>
  </datafield>
  <datafield tag="655" ind1=" " ind2="7">
    <subfield code="a">Actualities (Motion pictures)</subfield>
    <subfield code="2">lcgft</subfield>
  </datafield>
  <datafield tag="655" ind1=" " ind2="7">
    <subfield code="a">Silent films.</subfield>
    <subfield code="2">lcgft</subfield>
  </datafield>
  <datafield tag="655" ind1=" " ind2="7">
    <subfield code="a">Short films.</subfield>
    <subfield code="2">lcgft</subfield>
  </datafield>
  <datafield tag="655" ind1=" " ind2="7">
    <subfield code="a">Nonfiction films.</subfield>
    <subfield code="2">lcgft</subfield>
  </datafield>
  <datafield tag="700" ind1="1" ind2=" ">
    <subfield code="a">Jamison, William L.</subfield>
    <subfield code="e">camera.</subfield>
  </datafield>
  <datafield tag="710" ind1="2" ind2=" ">
    <subfield code="a">Thomas A. Edison, Inc.</subfield>
  </datafield>
  <datafield tag="710" ind1="2" ind2=" ">
    <subfield code="a">Paper Print Collection (Library of Congress)</subfield>
    <subfield code="5">DLC</subfield>
  </datafield>
  <datafield tag="773" ind1="0" ind2=" ">
    <subfield code="t">Niver (Kemp) Collection (Library of Congress)</subfield>
  </datafield>
  <datafield tag="786" ind1="1" ind2="8">
    <subfield code="t">Mining operations, Pennsylvania coal fields</subfield>
    <subfield code="w">(DLC) 45701</subfield>
    <subfield code="n">MAVIS</subfield>
  </datafield>
  <datafield tag="852" ind1=" " ind2=" ">
    <subfield code="a">Library of Congress</subfield>
    <subfield code="b">Motion Picture, Broadcasting and Recorded Sound Division</subfield>
    <subfield code="e">Washington, D.C. 20540 USA</subfield>
    <subfield code="n">dcu</subfield>
  </datafield>
  <datafield tag="856" ind1="4" ind2="1">
    <subfield code="3">Digital viewing copy</subfield>
    <subfield code="d">awal</subfield>
    <subfield code="f">2087</subfield>
    <subfield code="u">http://hdl.loc.gov/loc.mbrsmi/awal.2087</subfield>
    <subfield code="q">m</subfield>
  </datafield>
  <datafield tag="952" ind1=" " ind2=" ">
    <subfield code="a">35 mm dupe neg pic renumbered: FPE 7085 to FZA 0260.</subfield>
  </datafield>
  <datafield tag="952" ind1=" " ind2=" ">
    <subfield code="a">Paper print roll lacking suffix.</subfield>
  </datafield>
  <datafield tag="985" ind1=" " ind2=" ">
    <subfield code="a">mi/workleis</subfield>
    <subfield code="e">ammem</subfield>
  </datafield>
</record>