
<record>
  <leader>01177ccm a2200253 a 4500</leader>
  <controlfield tag="001">11996374</controlfield>
  <controlfield tag="005">20200103143643.0</controlfield>
  <controlfield tag="008">000504s1999    tnuhyz         n         </controlfield>
  <datafield tag="906" ind1=" " ind2=" ">
    <subfield code="a">7</subfield>
    <subfield code="b">cbc</subfield>
    <subfield code="c">orignew</subfield>
    <subfield code="d">4</subfield>
    <subfield code="e">ncip</subfield>
    <subfield code="f">20</subfield>
    <subfield code="g">y-genmusic</subfield>
  </datafield>
  <datafield tag="925" ind1="0" ind2=" ">
    <subfield code="a">acquire</subfield>
    <subfield code="b">1 shelf copy</subfield>
    <subfield code="x">policy default</subfield>
  </datafield>
  <datafield tag="955" ind1=" " ind2=" ">
    <subfield code="a">vl20 to MSR 05-04-00</subfield>
    <subfield code="i">vl27 2001-07-11</subfield>
    <subfield code="e">vl27 2001-07-11 to Music Division</subfield>
    <subfield code="e">vl27 2001-08-03 add copy 2 to Music Division</subfield>
  </datafield>
  <datafield tag="010" ind1=" " ind2=" ">
    <subfield code="a">   00519037 </subfield>
  </datafield>
  <datafield tag="040" ind1=" " ind2=" ">
    <subfield code="a">DLC</subfield>
    <subfield code="c">DLC</subfield>
  </datafield>
  <datafield tag="042" ind1=" " ind2=" ">
    <subfield code="a">pcc</subfield>
  </datafield>
  <datafield tag="050" ind1="0" ind2="0">
    <subfield code="a">M38.5</subfield>
    <subfield code="b">.T</subfield>
  </datafield>
  <datafield tag="245" ind1="0" ind2="2">
    <subfield code="a">A touch of jazz :</subfield>
    <subfield code="b">contemporary settings of church classics /</subfield>
    <subfield code="c">arranged by Bill Wolaver.</subfield>
  </datafield>
  <datafield tag="246" ind1="3" ind2="0">
    <subfield code="a">Contemporary settings of church classics</subfield>
  </datafield>
  <datafield tag="260" ind1=" " ind2=" ">
    <subfield code="a">[Nashville, Tenn.] :</subfield>
    <subfield code="b">Word Music,</subfield>
    <subfield code="c">c1999.</subfield>
  </datafield>
  <datafield tag="300" ind1=" " ind2=" ">
    <subfield code="a">46 p. of music ;</subfield>
    <subfield code="c">31 cm.</subfield>
  </datafield>
  <datafield tag="505" ind1="0" ind2=" ">
    <subfield code="a">He keeps me singing -- Leaning on the everlasting arms -- Soon and very soon -- For the beauty of the earth -- Because He lives -- Almighty -- Jesus is all the world to me -- Savior, like a shepherd lead us -- Awesome God -- Thy word -- The solid rock -- Rise again.</subfield>
  </datafield>
  <datafield tag="650" ind1=" " ind2="0">
    <subfield code="a">Piano music (Jazz), Arranged.</subfield>
  </datafield>
  <datafield tag="650" ind1=" " ind2="0">
    <subfield code="a">Hymns</subfield>
    <subfield code="v">Instrumental settings.</subfield>
  </datafield>
  <datafield tag="650" ind1=" " ind2="0">
    <subfield code="a">Gospel music.</subfield>
  </datafield>
  <datafield tag="700" ind1="1" ind2=" ">
    <subfield code="a">Wolaver, Bill.</subfield>
    <subfield code="4">arr</subfield>
  </datafield>
</record>