
<record>
  <leader>03436cjm a2200697 a 4500</leader>
  <controlfield tag="001">12055517</controlfield>
  <controlfield tag="005">20200103150932.0</controlfield>
  <controlfield tag="007">sd fsngnnmmnee</controlfield>
  <controlfield tag="008">880909r19871972sw mun|  fi       | zxx d</controlfield>
  <datafield tag="906" ind1=" " ind2=" ">
    <subfield code="a">7</subfield>
    <subfield code="b">cbc</subfield>
    <subfield code="c">copycat</subfield>
    <subfield code="d">2</subfield>
    <subfield code="e">ncip</subfield>
    <subfield code="f">20</subfield>
    <subfield code="g">y-soundrec</subfield>
  </datafield>
  <datafield tag="925" ind1="0" ind2=" ">
    <subfield code="a">acquire</subfield>
    <subfield code="b">2 shelf copies</subfield>
    <subfield code="x">policy default</subfield>
  </datafield>
  <datafield tag="955" ind1=" " ind2=" ">
    <subfield code="a">qr01 2009-08-11 z-client</subfield>
    <subfield code="i">qr01 2009-08-11</subfield>
  </datafield>
  <datafield tag="010" ind1=" " ind2=" ">
    <subfield code="a">   99577931 </subfield>
    <subfield code="z">   99579397 </subfield>
  </datafield>
  <datafield tag="024" ind1="3" ind2=" ">
    <subfield code="a">7318590000410</subfield>
  </datafield>
  <datafield tag="028" ind1="0" ind2="2">
    <subfield code="a">CD-41</subfield>
    <subfield code="b">BIS</subfield>
  </datafield>
  <datafield tag="033" ind1="2" ind2=" ">
    <subfield code="a">19720911</subfield>
    <subfield code="a">19750411</subfield>
    <subfield code="b">6964</subfield>
    <subfield code="c">H4</subfield>
  </datafield>
  <datafield tag="033" ind1="0" ind2=" ">
    <subfield code="a">19741215</subfield>
    <subfield code="b">6954</subfield>
    <subfield code="c">U6</subfield>
  </datafield>
  <datafield tag="033" ind1="1" ind2=" ">
    <subfield code="a">19760917</subfield>
    <subfield code="a">19760703</subfield>
    <subfield code="b">6954</subfield>
    <subfield code="c">N3</subfield>
  </datafield>
  <datafield tag="035" ind1=" " ind2=" ">
    <subfield code="a">(OCoLC)ocm18465737</subfield>
  </datafield>
  <datafield tag="040" ind1=" " ind2=" ">
    <subfield code="a">CSJ</subfield>
    <subfield code="c">CSJ</subfield>
    <subfield code="d">CPL</subfield>
    <subfield code="d">OCLCG</subfield>
    <subfield code="d">CPL</subfield>
    <subfield code="d">DLC</subfield>
  </datafield>
  <datafield tag="041" ind1="0" ind2=" ">
    <subfield code="g">eng</subfield>
    <subfield code="g">ger</subfield>
    <subfield code="g">fre</subfield>
  </datafield>
  <datafield tag="042" ind1=" " ind2=" ">
    <subfield code="a">lccopycat</subfield>
  </datafield>
  <datafield tag="043" ind1=" " ind2=" ">
    <subfield code="a">e-fi---</subfield>
  </datafield>
  <datafield tag="045" ind1="1" ind2=" ">
    <subfield code="b">d1971</subfield>
    <subfield code="b">d1970</subfield>
    <subfield code="b">d1975</subfield>
    <subfield code="b">d1965</subfield>
    <subfield code="b">d1964</subfield>
    <subfield code="b">d1969</subfield>
  </datafield>
  <datafield tag="047" ind1=" " ind2=" ">
    <subfield code="a">sy</subfield>
    <subfield code="a">vr</subfield>
    <subfield code="a">fm</subfield>
  </datafield>
  <datafield tag="050" ind1="0" ind2="0">
    <subfield code="a">SDB 85777</subfield>
  </datafield>
  <datafield tag="100" ind1="1" ind2=" ">
    <subfield code="a">Sallinen, Aulis.</subfield>
  </datafield>
  <datafield tag="240" ind1="1" ind2="0">
    <subfield code="a">Instrumental music.</subfield>
    <subfield code="k">Selections</subfield>
  </datafield>
  <datafield tag="245" ind1="0" ind2="0">
    <subfield code="a">Sinfonia</subfield>
    <subfield code="h">[sound recording] ;</subfield>
    <subfield code="b">Chorali ; Sinfonia III ; Cadenze per violino solo ; Elegy for Sebastian Knight ; String quartet no. 3 /</subfield>
    <subfield code="c">Aulis Sallinen.</subfield>
  </datafield>
  <datafield tag="260" ind1=" " ind2=" ">
    <subfield code="a">Djursholm, Sweden :</subfield>
    <subfield code="b">Bis,</subfield>
    <subfield code="c">p1987.</subfield>
  </datafield>
  <datafield tag="300" ind1=" " ind2=" ">
    <subfield code="a">1 sound disc :</subfield>
    <subfield code="b">digital, stereo. ;</subfield>
    <subfield code="c">4 3/4 in.</subfield>
  </datafield>
  <datafield tag="306" ind1=" " ind2=" ">
    <subfield code="a">001642</subfield>
    <subfield code="a">001135</subfield>
    <subfield code="a">002302</subfield>
    <subfield code="a">000431</subfield>
    <subfield code="a">000541</subfield>
    <subfield code="a">001210</subfield>
  </datafield>
  <datafield tag="500" ind1=" " ind2=" ">
    <subfield code="a">The 2nd work for wind ensemble (with 2 percussionists, harp, and celesta); the 6th work is variations on the fiddler&apos;s tune, Peltioniemi Hintrik&apos;s funeral march.</subfield>
  </datafield>
  <datafield tag="511" ind1="0" ind2=" ">
    <subfield code="a">Finnish Radio Symphony Orchestra ; Okko Kamu, conductor (1st and 3rd works) ; Helsinki Philharmonic Orchestra ; Paavo Berglund, conductor (2nd work) ; Paavo Pohjola, violin (4th work) ; Frans Helmerson, violoncello (5th work) ; Voces Intimae String Quartet (6th work).</subfield>
  </datafield>
  <datafield tag="518" ind1=" " ind2=" ">
    <subfield code="a">Recorded in Finlandia Hall, Helsinki, Sept. 11, 1972 (1st work); Kultturitalo, Helsinki, Dec. 21, 1973 (2nd work), and Apr. 10-11, 1975 (3rd work); Castle Wik, Uppsala, Dec. 15, 1974 (4th work); Nacka Aula, Sweden, Sept. 17, 1976 (5th work) and July 3, 1976 (6th work).</subfield>
  </datafield>
  <datafield tag="500" ind1=" " ind2=" ">
    <subfield code="a">Eds. recorded: Finnish Music Information Center (1st-3rd works); Fazer (4th-6th works).</subfield>
  </datafield>
  <datafield tag="500" ind1=" " ind2=" ">
    <subfield code="a">Previously released material (p1972-p1976).</subfield>
  </datafield>
  <datafield tag="500" ind1=" " ind2=" ">
    <subfield code="a">Compact disc.</subfield>
  </datafield>
  <datafield tag="500" ind1=" " ind2=" ">
    <subfield code="a">Durations: 16:42; 11:35; 23:02; 4:31; 5:54; 12:10.</subfield>
  </datafield>
  <datafield tag="500" ind1=" " ind2=" ">
    <subfield code="a">Program notes by Okko Kamu and the composer, and biographical notes on the performers, in English, German, and French ([20] p. : ill.) inserted in container.</subfield>
  </datafield>
  <datafield tag="650" ind1=" " ind2="0">
    <subfield code="a">Symphonies.</subfield>
  </datafield>
  <datafield tag="650" ind1=" " ind2="0">
    <subfield code="a">Wind ensembles.</subfield>
  </datafield>
  <datafield tag="650" ind1=" " ind2="0">
    <subfield code="a">Violin music.</subfield>
  </datafield>
  <datafield tag="650" ind1=" " ind2="0">
    <subfield code="a">Cello music.</subfield>
  </datafield>
  <datafield tag="650" ind1=" " ind2="0">
    <subfield code="a">Variations (String quartet)</subfield>
  </datafield>
  <datafield tag="650" ind1=" " ind2="0">
    <subfield code="a">Folk songs, Finnish</subfield>
    <subfield code="z">Finland</subfield>
    <subfield code="v">Instrumental settings.</subfield>
  </datafield>
  <datafield tag="700" ind1="1" ind2=" ">
    <subfield code="a">Kamu, Okko,</subfield>
    <subfield code="d">1946-</subfield>
    <subfield code="4">cnd</subfield>
  </datafield>
  <datafield tag="700" ind1="1" ind2=" ">
    <subfield code="a">Berglund, Paavo,</subfield>
    <subfield code="d">1929-2012.</subfield>
    <subfield code="4">cnd</subfield>
  </datafield>
  <datafield tag="700" ind1="1" ind2=" ">
    <subfield code="a">Pohjola, Paavo,</subfield>
    <subfield code="d">1934-</subfield>
    <subfield code="4">prf</subfield>
  </datafield>
  <datafield tag="700" ind1="1" ind2=" ">
    <subfield code="a">Helmerson, Frans,</subfield>
    <subfield code="d">1945-</subfield>
    <subfield code="4">prf</subfield>
  </datafield>
  <datafield tag="700" ind1="1" ind2="2">
    <subfield code="a">Sallinen, Aulis.</subfield>
    <subfield code="t">Symphonies,</subfield>
    <subfield code="n">no. 1, op. 24.</subfield>
  </datafield>
  <datafield tag="700" ind1="1" ind2="2">
    <subfield code="a">Sallinen, Aulis.</subfield>
    <subfield code="t">Chorali.</subfield>
  </datafield>
  <datafield tag="700" ind1="1" ind2="2">
    <subfield code="a">Sallinen, Aulis.</subfield>
    <subfield code="t">Symphonies,</subfield>
    <subfield code="n">no. 3, op. 35.</subfield>
  </datafield>
  <datafield tag="700" ind1="1" ind2="2">
    <subfield code="a">Sallinen, Aulis.</subfield>
    <subfield code="t">Cadenzas,</subfield>
    <subfield code="m">violin,</subfield>
    <subfield code="n">op. 13.</subfield>
  </datafield>
  <datafield tag="700" ind1="1" ind2="2">
    <subfield code="a">Sallinen, Aulis.</subfield>
    <subfield code="t">Elegia Sebastian Knight&apos;ille.</subfield>
  </datafield>
  <datafield tag="700" ind1="1" ind2="2">
    <subfield code="a">Sallinen, Aulis.</subfield>
    <subfield code="t">Quartets,</subfield>
    <subfield code="m">violins (2), viola, cello,</subfield>
    <subfield code="n">no. 3, op. 19.</subfield>
  </datafield>
  <datafield tag="710" ind1="2" ind2=" ">
    <subfield code="a">Radion sinfoniaorkesteri.</subfield>
    <subfield code="4">prf</subfield>
  </datafield>
  <datafield tag="710" ind1="2" ind2=" ">
    <subfield code="a">Helsingin kaupunginorkesteri.</subfield>
    <subfield code="4">prf</subfield>
  </datafield>
  <datafield tag="710" ind1="2" ind2=" ">
    <subfield code="a">Voces Intimae-Quartet.</subfield>
    <subfield code="4">prf</subfield>
  </datafield>
  <datafield tag="740" ind1="0" ind2="2">
    <subfield code="a">Chorali.</subfield>
  </datafield>
  <datafield tag="740" ind1="0" ind2="2">
    <subfield code="a">Elegy for Sebastian Knight.</subfield>
  </datafield>
</record>