
<record>
  <leader>02743cjm a22005651a 4500</leader>
  <controlfield tag="001">12056599</controlfield>
  <controlfield tag="005">20200103152548.0</controlfield>
  <controlfield tag="007">sduzzzgnnn--e-</controlfield>
  <controlfield tag="008">900202s1989    enkmun                   </controlfield>
  <datafield tag="906" ind1=" " ind2=" ">
    <subfield code="a">0</subfield>
    <subfield code="b">cbc</subfield>
    <subfield code="c">copycat</subfield>
    <subfield code="d">3</subfield>
    <subfield code="e">ncip</subfield>
    <subfield code="f">19</subfield>
    <subfield code="g">y-soundrec</subfield>
  </datafield>
  <datafield tag="035" ind1=" " ind2=" ">
    <subfield code="a">(OCoLC)ocm20991483</subfield>
  </datafield>
  <datafield tag="010" ind1=" " ind2=" ">
    <subfield code="a">   99579013 </subfield>
  </datafield>
  <datafield tag="024" ind1="1" ind2=" ">
    <subfield code="a">015524003241</subfield>
  </datafield>
  <datafield tag="028" ind1="0" ind2="2">
    <subfield code="a">OCD 324</subfield>
    <subfield code="b">Olympia</subfield>
  </datafield>
  <datafield tag="033" ind1="1" ind2=" ">
    <subfield code="a">1982----</subfield>
    <subfield code="a">1987----</subfield>
  </datafield>
  <datafield tag="040" ind1=" " ind2=" ">
    <subfield code="a">DLC</subfield>
    <subfield code="c">OClU</subfield>
    <subfield code="d">DLC</subfield>
  </datafield>
  <datafield tag="041" ind1="0" ind2=" ">
    <subfield code="g">eng</subfield>
  </datafield>
  <datafield tag="042" ind1=" " ind2=" ">
    <subfield code="a">lcderive</subfield>
  </datafield>
  <datafield tag="050" ind1="0" ind2="0">
    <subfield code="a">Olympia OCD 324</subfield>
  </datafield>
  <datafield tag="245" ind1="0" ind2="0">
    <subfield code="a">Polish percussion music.</subfield>
    <subfield code="h">sound recording</subfield>
  </datafield>
  <datafield tag="260" ind1=" " ind2=" ">
    <subfield code="a">Southwater :</subfield>
    <subfield code="b">Olympia,</subfield>
    <subfield code="c">p1989.</subfield>
  </datafield>
  <datafield tag="300" ind1=" " ind2=" ">
    <subfield code="a">1 sound disc (73:30) :</subfield>
    <subfield code="b">digital, stereo ;</subfield>
    <subfield code="c">4 3/4 in. +</subfield>
    <subfield code="e">1 guide ([6] p. ; 13 cm.).</subfield>
  </datafield>
  <datafield tag="306" ind1=" " ind2=" ">
    <subfield code="a">001101</subfield>
    <subfield code="a">001133</subfield>
    <subfield code="a">000730</subfield>
    <subfield code="a">000614</subfield>
    <subfield code="a">000704</subfield>
    <subfield code="a">000718</subfield>
    <subfield code="a">000730</subfield>
    <subfield code="a">001427</subfield>
  </datafield>
  <datafield tag="500" ind1=" " ind2=" ">
    <subfield code="a">Spine and container title : Polish percussion works.</subfield>
  </datafield>
  <datafield tag="511" ind1="0" ind2=" ">
    <subfield code="a">Warsaw Percussion Group (1-3) ; Hubert Rutkowski, percussion (4-8) ; Urszula Mazurek, harp (4); Krystyna Pronko, voice (6); Jerzy Lukasiewics, accordian (7).</subfield>
  </datafield>
  <datafield tag="518" ind1=" " ind2=" ">
    <subfield code="a">Recorded: 1-3 1982, 4-8 1987, Warsaw.</subfield>
  </datafield>
  <datafield tag="500" ind1=" " ind2=" ">
    <subfield code="a">Compact disc.</subfield>
  </datafield>
  <datafield tag="500" ind1=" " ind2=" ">
    <subfield code="a">[Analog recordings] --AAD.</subfield>
  </datafield>
  <datafield tag="500" ind1=" " ind2=" ">
    <subfield code="a">Program notes inserted in container.</subfield>
  </datafield>
  <datafield tag="505" ind1="0" ind2=" ">
    <subfield code="a">Continuum : Sextet for percussion instruments / Kazimierz Serocki (11:01) --Incantationi : for six percussionists / Zbigniew Penherski (11:33) --Nocturne : for three percussion groups / Pawel Buczynski (7:30) --Jeu-parti : for vibraphone and harp / Marta Ptaszynska (6:14) --Sonata per Batteria / Krzyszoof [sic] Baculewski (7:04) --Relief IV for soprano and bells / Andrzej Krzanowski (7:18) --Traumvogel for accordian and percussion / Zbigniew Bargielski (7:30) --Variations and fugue for percussion solo / Witold Rudzinski (14:27).</subfield>
  </datafield>
  <datafield tag="650" ind1=" " ind2="0">
    <subfield code="a">Percussion music.</subfield>
  </datafield>
  <datafield tag="650" ind1=" " ind2="0">
    <subfield code="a">Percussion ensembles.</subfield>
  </datafield>
  <datafield tag="650" ind1=" " ind2="0">
    <subfield code="a">Vibraphone and harp music.</subfield>
  </datafield>
  <datafield tag="650" ind1=" " ind2="0">
    <subfield code="a">Variations (Percussion).</subfield>
  </datafield>
  <datafield tag="650" ind1=" " ind2="0">
    <subfield code="a">Canons, fugues, etc. (Percussion).</subfield>
  </datafield>
  <datafield tag="700" ind1="1" ind2="2">
    <subfield code="a">Serocki, Kazimierz.</subfield>
    <subfield code="t">Continuum.</subfield>
  </datafield>
  <datafield tag="700" ind1="1" ind2="2">
    <subfield code="a">Penherski, Zbigniew,</subfield>
    <subfield code="d">1935-2019.</subfield>
    <subfield code="t">Incantationi,</subfield>
    <subfield code="n">no. 1,</subfield>
    <subfield code="m">percussion.</subfield>
  </datafield>
  <datafield tag="700" ind1="1" ind2="2">
    <subfield code="a">Buczyński, Paweł,</subfield>
    <subfield code="d">1953-</subfield>
    <subfield code="t">Nocturne.</subfield>
  </datafield>
  <datafield tag="700" ind1="1" ind2="2">
    <subfield code="a">Ptaszyńska, Marta.</subfield>
    <subfield code="t">Jeu-parti.</subfield>
  </datafield>
  <datafield tag="700" ind1="1" ind2="2">
    <subfield code="a">Baculewski, Krzysztof.</subfield>
    <subfield code="t">Sonata,</subfield>
    <subfield code="m">percussion.</subfield>
  </datafield>
  <datafield tag="700" ind1="1" ind2="2">
    <subfield code="a">Krzanowski, Andrzej,</subfield>
    <subfield code="d">1951-1990.</subfield>
    <subfield code="t">Relief,</subfield>
    <subfield code="n">no. 4,</subfield>
    <subfield code="m">voice, percussion.</subfield>
  </datafield>
  <datafield tag="700" ind1="1" ind2="2">
    <subfield code="a">Bargielski, Zbigniew,</subfield>
    <subfield code="d">1937-</subfield>
    <subfield code="t">Traumvogel.</subfield>
  </datafield>
  <datafield tag="700" ind1="1" ind2="2">
    <subfield code="a">Rudziński, Witold.</subfield>
    <subfield code="t">Wariacje i fuga,</subfield>
    <subfield code="m">percussion.</subfield>
  </datafield>
  <datafield tag="700" ind1="1" ind2=" ">
    <subfield code="a">Rutkowski, Hubert.</subfield>
    <subfield code="4">prf</subfield>
  </datafield>
  <datafield tag="700" ind1="1" ind2="2">
    <subfield code="a">Mazurek, Urszula.</subfield>
    <subfield code="4">prf</subfield>
  </datafield>
  <datafield tag="700" ind1="1" ind2="2">
    <subfield code="a">Pronko, Krystyna.</subfield>
    <subfield code="4">prf</subfield>
  </datafield>
  <datafield tag="700" ind1="1" ind2="2">
    <subfield code="a">Lukasiewicz, Jerzy.</subfield>
    <subfield code="4">prf</subfield>
  </datafield>
  <datafield tag="710" ind1="2" ind2=" ">
    <subfield code="a">Warsaw Percussion Group.</subfield>
    <subfield code="4">prf</subfield>
  </datafield>
  <datafield tag="740" ind1="0" ind2=" ">
    <subfield code="a">Polish percussion works.</subfield>
  </datafield>
  <datafield tag="985" ind1=" " ind2=" ">
    <subfield code="c">OCLC</subfield>
    <subfield code="e">Claimed Recordings</subfield>
  </datafield>
</record>