
<record>
  <leader>02523cas a2200481 a 4500</leader>
  <controlfield tag="001">12061978</controlfield>
  <controlfield tag="005">20200103075649.0</controlfield>
  <controlfield tag="008">000619d1990200uriuar        s0    0eng c</controlfield>
  <datafield tag="010" ind1=" " ind2=" ">
    <subfield code="a">   00201053 </subfield>
  </datafield>
  <datafield tag="035" ind1=" " ind2=" ">
    <subfield code="a">(OCoLC)ocm38981384 </subfield>
  </datafield>
  <datafield tag="040" ind1=" " ind2=" ">
    <subfield code="a">LRW</subfield>
    <subfield code="b">eng</subfield>
    <subfield code="c">LRW</subfield>
    <subfield code="d">DLC</subfield>
    <subfield code="d">HVL</subfield>
    <subfield code="d">OCLCQ</subfield>
    <subfield code="d">OCLCF</subfield>
    <subfield code="d">OCLCA</subfield>
  </datafield>
  <datafield tag="042" ind1=" " ind2=" ">
    <subfield code="a">pcc</subfield>
  </datafield>
  <datafield tag="043" ind1=" " ind2=" ">
    <subfield code="a">n-us-ri</subfield>
  </datafield>
  <datafield tag="050" ind1="0" ind2="0">
    <subfield code="a">HG2411.R42</subfield>
  </datafield>
  <datafield tag="110" ind1="1" ind2=" ">
    <subfield code="a">Rhode Island.</subfield>
    <subfield code="b">Division of Banking.</subfield>
  </datafield>
  <datafield tag="245" ind1="1" ind2="0">
    <subfield code="a">Department of Business Regulation ... annual report of the Division of Banking to the General Assembly ... showing the condition of state banks, savings banks, trust companies, loan and investment companies and credit unions as of ...</subfield>
  </datafield>
  <datafield tag="246" ind1="3" ind2="0">
    <subfield code="a">Annual report of the Division of Banking</subfield>
  </datafield>
  <datafield tag="246" ind1="3" ind2="0">
    <subfield code="a">Division of Banking annual report</subfield>
  </datafield>
  <datafield tag="260" ind1=" " ind2=" ">
    <subfield code="a">[Providence, R.I. :</subfield>
    <subfield code="b">Division of Banking and Securities,</subfield>
    <subfield code="c">1990]-</subfield>
  </datafield>
  <datafield tag="300" ind1=" " ind2=" ">
    <subfield code="a">v. ;</subfield>
    <subfield code="c">28 cm.</subfield>
  </datafield>
  <datafield tag="310" ind1=" " ind2=" ">
    <subfield code="a">Annual</subfield>
  </datafield>
  <datafield tag="362" ind1="0" ind2=" ">
    <subfield code="a">83rd (1990)-</subfield>
  </datafield>
  <datafield tag="362" ind1="1" ind2=" ">
    <subfield code="a">Ceased in 2000 or 2001.</subfield>
  </datafield>
  <datafield tag="500" ind1=" " ind2=" ">
    <subfield code="a">At head of title: State of Rhode Island and Providence Plantations.</subfield>
  </datafield>
  <datafield tag="588" ind1=" " ind2=" ">
    <subfield code="a">Latest issue consulted: 93rd (2000).</subfield>
  </datafield>
  <datafield tag="650" ind1=" " ind2="0">
    <subfield code="a">Banks and banking</subfield>
    <subfield code="z">Rhode Island</subfield>
    <subfield code="v">Periodicals.</subfield>
  </datafield>
  <datafield tag="650" ind1=" " ind2="0">
    <subfield code="a">Savings banks</subfield>
    <subfield code="z">Rhode Island</subfield>
    <subfield code="v">Periodicals.</subfield>
  </datafield>
  <datafield tag="650" ind1=" " ind2="0">
    <subfield code="a">Trust companies</subfield>
    <subfield code="z">Rhode Island</subfield>
    <subfield code="v">Periodicals.</subfield>
  </datafield>
  <datafield tag="650" ind1=" " ind2="0">
    <subfield code="a">Savings and loan associations</subfield>
    <subfield code="z">Rhode Island</subfield>
    <subfield code="v">Periodicals.</subfield>
  </datafield>
  <datafield tag="650" ind1=" " ind2="0">
    <subfield code="a">Credit unions</subfield>
    <subfield code="z">Rhode Island</subfield>
    <subfield code="v">Periodicals.</subfield>
  </datafield>
  <datafield tag="650" ind1=" " ind2="7">
    <subfield code="a">Banks and banking.</subfield>
    <subfield code="2">fast</subfield>
    <subfield code="0">(OCoLC)fst00826867</subfield>
  </datafield>
  <datafield tag="650" ind1=" " ind2="7">
    <subfield code="a">Credit unions.</subfield>
    <subfield code="2">fast</subfield>
    <subfield code="0">(OCoLC)fst00882601</subfield>
  </datafield>
  <datafield tag="650" ind1=" " ind2="7">
    <subfield code="a">Savings and loan associations.</subfield>
    <subfield code="2">fast</subfield>
    <subfield code="0">(OCoLC)fst01105991</subfield>
  </datafield>
  <datafield tag="650" ind1=" " ind2="7">
    <subfield code="a">Savings banks.</subfield>
    <subfield code="2">fast</subfield>
    <subfield code="0">(OCoLC)fst01106034</subfield>
  </datafield>
  <datafield tag="650" ind1=" " ind2="7">
    <subfield code="a">Trust companies.</subfield>
    <subfield code="2">fast</subfield>
    <subfield code="0">(OCoLC)fst01158179</subfield>
  </datafield>
  <datafield tag="651" ind1=" " ind2="7">
    <subfield code="a">Rhode Island.</subfield>
    <subfield code="2">fast</subfield>
    <subfield code="0">(OCoLC)fst01204599</subfield>
  </datafield>
  <datafield tag="655" ind1=" " ind2="7">
    <subfield code="a">Periodicals.</subfield>
    <subfield code="2">fast</subfield>
    <subfield code="0">(OCoLC)fst01411641</subfield>
  </datafield>
  <datafield tag="776" ind1="0" ind2="8">
    <subfield code="i">Online version:</subfield>
    <subfield code="a">Rhode Island. Division of Banking.</subfield>
    <subfield code="t">Department of Business Regulation ... annual report of the Division of Banking to the General Assembly ... showing the condition of state banks, savings banks, trust companies, loan and investment companies and credit unions as of ...</subfield>
    <subfield code="w">(OCoLC)1134539368</subfield>
  </datafield>
  <datafield tag="780" ind1="0" ind2="0">
    <subfield code="a">Rhode Island. Division of Banking and Securities.</subfield>
    <subfield code="t">Annual report of the Division of Banking and Securities to the General Assembly</subfield>
    <subfield code="w">(DLC)   91640795</subfield>
    <subfield code="w">(OCoLC)24148937</subfield>
  </datafield>
  <datafield tag="850" ind1=" " ind2=" ">
    <subfield code="a">DLC</subfield>
  </datafield>
  <datafield tag="906" ind1=" " ind2=" ">
    <subfield code="a">7</subfield>
    <subfield code="b">cbc</subfield>
    <subfield code="c">serials</subfield>
    <subfield code="d">2</subfield>
    <subfield code="e">ncip</subfield>
    <subfield code="f">20</subfield>
    <subfield code="g">n-oclcserc</subfield>
  </datafield>
  <datafield tag="925" ind1="0" ind2=" ">
    <subfield code="a">acquire</subfield>
    <subfield code="b">1 shelf copy</subfield>
    <subfield code="x">policy default 08-22-00</subfield>
  </datafield>
  <datafield tag="955" ind1=" " ind2=" ">
    <subfield code="a">ng04 06-18-00 to SRD/CAT; da59 10-25-00; to Ser 10-25-00</subfield>
  </datafield>
</record>