
<record>
  <leader>01842ccm a2200361 a 4500</leader>
  <controlfield tag="001">12065409</controlfield>
  <controlfield tag="005">20200103114833.0</controlfield>
  <controlfield tag="008">000620s1999    fr vra   eh    n         </controlfield>
  <datafield tag="906" ind1=" " ind2=" ">
    <subfield code="a">7</subfield>
    <subfield code="b">cbc</subfield>
    <subfield code="c">orignew</subfield>
    <subfield code="d">4</subfield>
    <subfield code="e">ncip</subfield>
    <subfield code="f">20</subfield>
    <subfield code="g">y-genmusic</subfield>
  </datafield>
  <datafield tag="925" ind1="0" ind2=" ">
    <subfield code="a">acquire</subfield>
    <subfield code="b">1 shelf copy</subfield>
    <subfield code="x">policy default</subfield>
  </datafield>
  <datafield tag="955" ind1=" " ind2=" ">
    <subfield code="a">of04 6-20-00 to SMCD</subfield>
    <subfield code="i">vk10 2001-07-24</subfield>
    <subfield code="e">vk05 2001-07-27 to Music Division</subfield>
    <subfield code="e">vl20 2001-11-20 2nd copy to Music Division</subfield>
  </datafield>
  <datafield tag="010" ind1=" " ind2=" ">
    <subfield code="a">   00339556 </subfield>
  </datafield>
  <datafield tag="024" ind1="2" ind2=" ">
    <subfield code="a">M046290893</subfield>
  </datafield>
  <datafield tag="028" ind1="2" ind2="2">
    <subfield code="a">AL 29 089</subfield>
    <subfield code="b">A. Leduc</subfield>
  </datafield>
  <datafield tag="028" ind1="2" ind2="0">
    <subfield code="a">AL 28 089</subfield>
    <subfield code="b">A. Leduc</subfield>
  </datafield>
  <datafield tag="040" ind1=" " ind2=" ">
    <subfield code="a">DLC</subfield>
    <subfield code="c">DLC</subfield>
    <subfield code="d">DLC</subfield>
  </datafield>
  <datafield tag="041" ind1="0" ind2=" ">
    <subfield code="g">engfreger</subfield>
  </datafield>
  <datafield tag="050" ind1="0" ind2="0">
    <subfield code="a">M242</subfield>
    <subfield code="b">.M</subfield>
  </datafield>
  <datafield tag="100" ind1="1" ind2=" ">
    <subfield code="a">Moyse, Louis,</subfield>
    <subfield code="d">1912-2007.</subfield>
  </datafield>
  <datafield tag="240" ind1="1" ind2="0">
    <subfield code="a">Variations sur un thème de Franz Schubert</subfield>
  </datafield>
  <datafield tag="245" ind1="1" ind2="0">
    <subfield code="a">12 variations sur un thème de Franz Schubert :</subfield>
    <subfield code="b">pour flute et piano, d&apos;après la variation no 3 d&apos;Introduction et variations sur &quot;Trockne Blumen&quot; (D 802) = 12 variations on a theme of Franz Schubert : for flute and piano, based on the variation no 3 from Introduction and variations on &quot;Trockne Blumen&quot; (D 802) /</subfield>
    <subfield code="c">Louis Moyse.</subfield>
  </datafield>
  <datafield tag="246" ind1="3" ind2=" ">
    <subfield code="a">Zwölf variations sur un thème de Franz Schubert</subfield>
  </datafield>
  <datafield tag="246" ind1="3" ind2="0">
    <subfield code="a">Variations sur un thème de Franz Schubert</subfield>
  </datafield>
  <datafield tag="246" ind1="3" ind2="1">
    <subfield code="a">12 variations on a theme of Franz Schubert</subfield>
  </datafield>
  <datafield tag="246" ind1="3" ind2=" ">
    <subfield code="a">Twelve variations on a theme of Franz Schubert</subfield>
  </datafield>
  <datafield tag="246" ind1="3" ind2="0">
    <subfield code="a">Variations on a theme of Franz Schubert</subfield>
  </datafield>
  <datafield tag="260" ind1=" " ind2=" ">
    <subfield code="a">Paris :</subfield>
    <subfield code="b">A. Leduc,</subfield>
    <subfield code="c">c1999.</subfield>
  </datafield>
  <datafield tag="300" ind1=" " ind2=" ">
    <subfield code="a">1 score (27 p.) + 1 part (14 p.) ;</subfield>
    <subfield code="c">31 cm.</subfield>
  </datafield>
  <datafield tag="500" ind1=" " ind2=" ">
    <subfield code="a">The 3 prelim. p. have pl. no. AL 28 089.</subfield>
  </datafield>
  <datafield tag="500" ind1=" " ind2=" ">
    <subfield code="a">Notes by the composer in English, French, and German precede score; biographical notes in English and French on p. 4 of cover.</subfield>
  </datafield>
  <datafield tag="650" ind1=" " ind2="0">
    <subfield code="a">Variations (Flute and piano)</subfield>
    <subfield code="v">Scores and parts.</subfield>
  </datafield>
  <datafield tag="700" ind1="1" ind2=" ">
    <subfield code="a">Schubert, Franz,</subfield>
    <subfield code="d">1797-1828.</subfield>
    <subfield code="t">Introduction et variations sur un thème original.</subfield>
  </datafield>
  <datafield tag="923" ind1=" " ind2=" ">
    <subfield code="d">20000607</subfield>
    <subfield code="n">390113</subfield>
    <subfield code="s">93/1286</subfield>
  </datafield>
</record>