
<record>
  <leader>03694cjm a22007451a 4500</leader>
  <controlfield tag="001">12167532</controlfield>
  <controlfield tag="005">20200103145125.0</controlfield>
  <controlfield tag="007">sd||s|bnnmp|ed</controlfield>
  <controlfield tag="008">000908p19981994ic uun   efi            d</controlfield>
  <datafield tag="906" ind1=" " ind2=" ">
    <subfield code="a">7</subfield>
    <subfield code="b">cbc</subfield>
    <subfield code="c">copycat</subfield>
    <subfield code="d">3</subfield>
    <subfield code="e">ncip</subfield>
    <subfield code="f">20</subfield>
    <subfield code="g">y-genmusic</subfield>
  </datafield>
  <datafield tag="925" ind1="0" ind2=" ">
    <subfield code="a">acquire</subfield>
    <subfield code="b">2 shelf copies</subfield>
    <subfield code="x">policy default</subfield>
  </datafield>
  <datafield tag="955" ind1=" " ind2=" ">
    <subfield code="a">nh05  09-08-00; to MBRS vk05 12-06-00</subfield>
  </datafield>
  <datafield tag="010" ind1=" " ind2=" ">
    <subfield code="a">   00690713 </subfield>
  </datafield>
  <datafield tag="024" ind1="1" ind2=" ">
    <subfield code="a">5690822983060</subfield>
  </datafield>
  <datafield tag="024" ind1="3" ind2=" ">
    <subfield code="a">5690822983060</subfield>
  </datafield>
  <datafield tag="028" ind1="0" ind2="2">
    <subfield code="a">ETCD 005</subfield>
    <subfield code="b">ErkiTónlist</subfield>
  </datafield>
  <datafield tag="033" ind1="1" ind2="0">
    <subfield code="a">1998----</subfield>
    <subfield code="a">1994----</subfield>
    <subfield code="a">1996----</subfield>
  </datafield>
  <datafield tag="035" ind1=" " ind2=" ">
    <subfield code="a">(DLC)   00690713</subfield>
  </datafield>
  <datafield tag="035" ind1=" " ind2=" ">
    <subfield code="a">(OCoLC)ocm43288286</subfield>
  </datafield>
  <datafield tag="040" ind1=" " ind2=" ">
    <subfield code="a">AKR</subfield>
    <subfield code="c">AKR</subfield>
    <subfield code="d">DLC</subfield>
  </datafield>
  <datafield tag="041" ind1="0" ind2=" ">
    <subfield code="g">iceeng</subfield>
  </datafield>
  <datafield tag="042" ind1=" " ind2=" ">
    <subfield code="a">lcderive</subfield>
  </datafield>
  <datafield tag="045" ind1="1" ind2=" ">
    <subfield code="b">d1997</subfield>
    <subfield code="b">d1993</subfield>
    <subfield code="b">d1995</subfield>
    <subfield code="b">d1996</subfield>
    <subfield code="b">d1990</subfield>
  </datafield>
  <datafield tag="048" ind1=" " ind2=" ">
    <subfield code="a">sa01</subfield>
    <subfield code="a">ka01</subfield>
  </datafield>
  <datafield tag="048" ind1=" " ind2=" ">
    <subfield code="a">wz01</subfield>
    <subfield code="a">wc02</subfield>
  </datafield>
  <datafield tag="048" ind1=" " ind2=" ">
    <subfield code="a">oa</subfield>
  </datafield>
  <datafield tag="048" ind1=" " ind2=" ">
    <subfield code="a">wa01</subfield>
    <subfield code="a">wb01</subfield>
    <subfield code="a">wc01</subfield>
    <subfield code="a">wd01</subfield>
    <subfield code="a">sa02</subfield>
    <subfield code="a">sb01</subfield>
    <subfield code="a">sc01</subfield>
    <subfield code="a">sd01</subfield>
  </datafield>
  <datafield tag="048" ind1=" " ind2=" ">
    <subfield code="a">wa01</subfield>
  </datafield>
  <datafield tag="050" ind1="0" ind2="0">
    <subfield code="a">SDA 20516</subfield>
  </datafield>
  <datafield tag="100" ind1="0" ind2=" ">
    <subfield code="a">Kjartan Ólafsson,</subfield>
    <subfield code="d">1958-</subfield>
  </datafield>
  <datafield tag="240" ind1="1" ind2="0">
    <subfield code="a">Instrumental music.</subfield>
    <subfield code="k">Selections</subfield>
  </datafield>
  <datafield tag="245" ind1="1" ind2="0">
    <subfield code="a">Músík með CALMUS</subfield>
    <subfield code="h">[sound recording] =</subfield>
    <subfield code="b">Music with CALMUS.</subfield>
  </datafield>
  <datafield tag="246" ind1="3" ind2="1">
    <subfield code="a">Music with CALMUS</subfield>
  </datafield>
  <datafield tag="246" ind1="0" ind2=" ">
    <subfield code="i">At head of title:</subfield>
    <subfield code="a">ErkiTónlist sf. kynnir tónlist eftir =</subfield>
    <subfield code="b">ErkiTónlist sf. presents music by Kjartan Ólafsson</subfield>
  </datafield>
  <datafield tag="246" ind1="1" ind2=" ">
    <subfield code="i">Title on container:</subfield>
    <subfield code="a">Music from CALMUS</subfield>
  </datafield>
  <datafield tag="246" ind1="3" ind2=" ">
    <subfield code="a">ErkiTónlist sf. kynnir tónlist eftir Kjartan Ólafsson</subfield>
  </datafield>
  <datafield tag="246" ind1="3" ind2=" ">
    <subfield code="a">ErkiTónlist sf. presents music by Kjartan Ólafsson</subfield>
  </datafield>
  <datafield tag="260" ind1=" " ind2=" ">
    <subfield code="a">Reykjavík, Iceland :</subfield>
    <subfield code="b">ErkiTónlist :</subfield>
    <subfield code="b">Distribution, Icelandic Music Information Center,</subfield>
    <subfield code="c">p1998.</subfield>
  </datafield>
  <datafield tag="300" ind1=" " ind2=" ">
    <subfield code="a">1 sound disc :</subfield>
    <subfield code="b">digital ;</subfield>
    <subfield code="c">4 3/4 in.</subfield>
  </datafield>
  <datafield tag="500" ind1=" " ind2=" ">
    <subfield code="a">Instrumental music composed using the CALMUS computer program. For basset horn, B♭ clarinet, and E♭ clarinet (2nd work); for flute, oboe, clarinet, bassoon, and string quintet (4th work).</subfield>
  </datafield>
  <datafield tag="518" ind1=" " ind2=" ">
    <subfield code="a">Recorded in 1998 (1st work), 1994 (2nd), and 1996 (4th).</subfield>
  </datafield>
  <datafield tag="538" ind1=" " ind2=" ">
    <subfield code="a">Compact disc.</subfield>
  </datafield>
  <datafield tag="500" ind1=" " ind2=" ">
    <subfield code="a">Accompanying program and biographical notes in Icelandic and English ([12] p. : ill., ports.).</subfield>
  </datafield>
  <datafield tag="505" ind1="0" ind2=" ">
    <subfield code="a">Mónetta : fyrir fiðlu og píanó = Mónetta : for violin and piano (Sigrún Eðvaldsdóttir, violin ; Snorri Sigfús Birgisson, piano) (11:56) -- Þríþraut : fyrir klarinettutríó = Þríþraut : for clarinet-trio (Chalumeaux-Tríóið) (8:42) -- Útstrok : fyrir sinfóníuhljómsveit = Útstrok : for orchestra (Sinfóníuhljómsveit íslands ; Horia Andreescu, conductor) (12:14) -- Nonetta : fyrir kammersveit = Nonetta : for chamber orchestra (Camerarctica) (5:56) -- Calculus : fyrir einleiksflautu = Calculus : for solo flute (Martial Nardeau, flute) (11:51).</subfield>
  </datafield>
  <datafield tag="650" ind1=" " ind2="0">
    <subfield code="a">Violin and piano music.</subfield>
  </datafield>
  <datafield tag="650" ind1=" " ind2="0">
    <subfield code="a">Woodwind trios (Basset horn, clarinets (2))</subfield>
  </datafield>
  <datafield tag="650" ind1=" " ind2="0">
    <subfield code="a">Orchestral music.</subfield>
  </datafield>
  <datafield tag="650" ind1=" " ind2="0">
    <subfield code="a">Nonets (Bassoon, clarinet, flute, oboe, violins (2), viola, cello, double bass)</subfield>
  </datafield>
  <datafield tag="650" ind1=" " ind2="0">
    <subfield code="a">Flute music.</subfield>
  </datafield>
  <datafield tag="650" ind1=" " ind2="0">
    <subfield code="a">Aleatory music.</subfield>
  </datafield>
  <datafield tag="700" ind1="0" ind2=" ">
    <subfield code="a">Sigrún Eðvaldsdóttir,</subfield>
    <subfield code="d">1967-</subfield>
    <subfield code="4">itr</subfield>
  </datafield>
  <datafield tag="700" ind1="0" ind2=" ">
    <subfield code="a">Snorri Sigfús Birgisson,</subfield>
    <subfield code="d">1954-</subfield>
    <subfield code="4">itr</subfield>
  </datafield>
  <datafield tag="700" ind1="1" ind2=" ">
    <subfield code="a">Andreescu, Horia,</subfield>
    <subfield code="d">1946-</subfield>
    <subfield code="4">cnd</subfield>
  </datafield>
  <datafield tag="700" ind1="1" ind2=" ">
    <subfield code="a">Nardeau, Martial,</subfield>
    <subfield code="d">1957-</subfield>
    <subfield code="4">itr</subfield>
  </datafield>
  <datafield tag="700" ind1="0" ind2="2">
    <subfield code="a">Kjartan Ólafsson,</subfield>
    <subfield code="d">1958-</subfield>
    <subfield code="t">Mónetta.</subfield>
  </datafield>
  <datafield tag="700" ind1="0" ind2="2">
    <subfield code="a">Kjartan Ólafsson,</subfield>
    <subfield code="d">1958-</subfield>
    <subfield code="t">Þríþraut.</subfield>
  </datafield>
  <datafield tag="700" ind1="0" ind2="2">
    <subfield code="a">Kjartan Ólafsson,</subfield>
    <subfield code="d">1958-</subfield>
    <subfield code="t">Útstrok.</subfield>
  </datafield>
  <datafield tag="700" ind1="0" ind2="2">
    <subfield code="a">Kjartan Ólafsson,</subfield>
    <subfield code="d">1958-</subfield>
    <subfield code="t">Nonet,</subfield>
    <subfield code="m">flute, oboe, clarinet, bassoon, violins (2), viola, cello, double bass.</subfield>
  </datafield>
  <datafield tag="700" ind1="0" ind2="2">
    <subfield code="a">Kjartan Ólafsson,</subfield>
    <subfield code="d">1958-</subfield>
    <subfield code="t">Calculus.</subfield>
  </datafield>
  <datafield tag="710" ind1="2" ind2=" ">
    <subfield code="a">Chalumeaux-Tríóið.</subfield>
    <subfield code="4">prf</subfield>
  </datafield>
  <datafield tag="710" ind1="2" ind2=" ">
    <subfield code="a">Sinfóniúhljómsveit íslands.</subfield>
    <subfield code="4">prf</subfield>
  </datafield>
  <datafield tag="710" ind1="2" ind2=" ">
    <subfield code="a">Camerarctica (Musical group)</subfield>
    <subfield code="4">prf</subfield>
  </datafield>
  <datafield tag="730" ind1="0" ind2=" ">
    <subfield code="a">CALMUS.</subfield>
  </datafield>
  <datafield tag="952" ind1=" " ind2=" ">
    <subfield code="a">tfront</subfield>
  </datafield>
  <datafield tag="985" ind1=" " ind2=" ">
    <subfield code="c">OCLC</subfield>
    <subfield code="e">srreplace 2002-05</subfield>
  </datafield>
</record>