
<record>
<!-- Length implementation at offset 22 should hold a number. Assuming 0 -->
  <leader>01456ccm a2200325 a 4500</leader>
  <controlfield tag="001">12259884</controlfield>
  <controlfield tag="005">20200103124713.0</controlfield>
  <controlfield tag="008">001124t20001998sz zza   hi    n        d</controlfield>
  <datafield tag="906" ind1=" " ind2=" ">
    <subfield code="a">7</subfield>
    <subfield code="b">cbc</subfield>
    <subfield code="c">copycat</subfield>
    <subfield code="d">3</subfield>
    <subfield code="e">ncip</subfield>
    <subfield code="f">20</subfield>
    <subfield code="g">y-genmusic</subfield>
  </datafield>
  <datafield tag="925" ind1="0" ind2=" ">
    <subfield code="a">acquire</subfield>
    <subfield code="b">2 shelf copies</subfield>
    <subfield code="x">policy default</subfield>
  </datafield>
  <datafield tag="955" ind1=" " ind2=" ">
    <subfield code="a">of04 12-26-00 to SMCD; vl22 2001-06-08</subfield>
    <subfield code="e">vn34 2001-07-09 to BCCD</subfield>
  </datafield>
  <datafield tag="010" ind1=" " ind2=" ">
    <subfield code="a">   00468023 </subfield>
  </datafield>
  <datafield tag="028" ind1="3" ind2="2">
    <subfield code="a">GM 1458</subfield>
    <subfield code="b">Edition Kunzelmann</subfield>
  </datafield>
  <datafield tag="035" ind1=" " ind2=" ">
    <subfield code="a">(OCoLC)ocm45495202</subfield>
  </datafield>
  <datafield tag="040" ind1=" " ind2=" ">
    <subfield code="a">CIN</subfield>
    <subfield code="c">CIN</subfield>
    <subfield code="d">DLC</subfield>
  </datafield>
  <datafield tag="041" ind1="0" ind2=" ">
    <subfield code="g">gereng</subfield>
  </datafield>
  <datafield tag="042" ind1=" " ind2=" ">
    <subfield code="a">lccopycat</subfield>
  </datafield>
  <datafield tag="050" ind1="0" ind2="0">
    <subfield code="a">M422</subfield>
    <subfield code="b">.C64 2000</subfield>
  </datafield>
  <datafield tag="130" ind1="0" ind2=" ">
    <subfield code="a">Concerto,</subfield>
    <subfield code="m">recorder, flute, violin, continuo,</subfield>
    <subfield code="r">A minor.</subfield>
  </datafield>
  <datafield tag="245" ind1="0" ind2="0">
    <subfield code="a">Concerto a moll für Flauto dolce, Flauto traverso, Violine und Basso continuo = Concerto A minor for recorder, flute, violin, and basso continuo /</subfield>
    <subfield code="c">Anonymus ; herausgegeben von Ingo Gronefeld ; Basso continuo by Friedrich Grünke.</subfield>
  </datafield>
  <datafield tag="260" ind1=" " ind2=" ">
    <subfield code="a">Adliswil/ZH :</subfield>
    <subfield code="b">Edition Kunzelmann,</subfield>
    <subfield code="c">[2000], c1998.</subfield>
  </datafield>
  <datafield tag="300" ind1=" " ind2=" ">
    <subfield code="a">1 score (26 p.) + 4 parts ;</subfield>
    <subfield code="c">31 cm.</subfield>
  </datafield>
  <datafield tag="500" ind1=" " ind2=" ">
    <subfield code="a">Edited from a set of ms. parts in the Mecklenburg Landesbibliothekk, Schwerin (Sig:348/9).</subfield>
  </datafield>
  <datafield tag="500" ind1=" " ind2=" ">
    <subfield code="a">Figured bass realized for keyboard instrument; includes part for bass instrument.</subfield>
  </datafield>
  <datafield tag="500" ind1=" " ind2=" ">
    <subfield code="a">Pref. in German and English.</subfield>
  </datafield>
  <datafield tag="650" ind1=" " ind2="0">
    <subfield code="a">Quartets (Flute, recorder, violin, continuo)</subfield>
    <subfield code="v">Scores and parts.</subfield>
  </datafield>
  <datafield tag="700" ind1="1" ind2=" ">
    <subfield code="a">Gronefeld, Ingo.</subfield>
  </datafield>
  <datafield tag="700" ind1="1" ind2=" ">
    <subfield code="a">Grünke, Friedrich.</subfield>
    <subfield code="4">arr</subfield>
  </datafield>
  <datafield tag="923" ind1=" " ind2=" ">
    <subfield code="d">20001114</subfield>
    <subfield code="n">0110015</subfield>
    <subfield code="s">GyWOH</subfield>
  </datafield>
  <datafield tag="985" ind1=" " ind2=" ">
    <subfield code="e">VENDOR LOAD</subfield>
  </datafield>
</record>