
<record>
  <leader>01371cam a2200325 a 4500</leader>
  <controlfield tag="001">12260058</controlfield>
  <controlfield tag="005">20200103151604.0</controlfield>
  <controlfield tag="008">001208s2000    gw a     bc   000 0 ger d</controlfield>
  <datafield tag="906" ind1=" " ind2=" ">
    <subfield code="a">7</subfield>
    <subfield code="b">cbc</subfield>
    <subfield code="c">copycat</subfield>
    <subfield code="d">3</subfield>
    <subfield code="e">ncip</subfield>
    <subfield code="f">20</subfield>
    <subfield code="g">y-gencatlg</subfield>
  </datafield>
  <datafield tag="925" ind1="0" ind2=" ">
    <subfield code="a">acquire</subfield>
    <subfield code="b">1 shelf copy</subfield>
    <subfield code="x">policy default</subfield>
  </datafield>
  <datafield tag="955" ind1=" " ind2=" ">
    <subfield code="a">of06 02-06-01 to ASCD; jk00 02-27-01</subfield>
    <subfield code="c">jk77 2001-07-20 copycat (rev jk01 2001-08-10)</subfield>
    <subfield code="d">jk01 2001-08-10</subfield>
    <subfield code="e">jk77 2001-08-13 to BCCD</subfield>
  </datafield>
  <datafield tag="010" ind1=" " ind2=" ">
    <subfield code="a">  2001338171</subfield>
  </datafield>
  <datafield tag="020" ind1=" " ind2=" ">
    <subfield code="a">398027926X</subfield>
  </datafield>
  <datafield tag="035" ind1=" " ind2=" ">
    <subfield code="a">(CStRLIN)NYFX00-B4956</subfield>
  </datafield>
  <datafield tag="040" ind1=" " ind2=" ">
    <subfield code="a">NNFr</subfield>
    <subfield code="c">NNFr</subfield>
    <subfield code="d">DLC</subfield>
  </datafield>
  <datafield tag="042" ind1=" " ind2=" ">
    <subfield code="a">lccopycat</subfield>
  </datafield>
  <datafield tag="050" ind1="0" ind2="0">
    <subfield code="a">N6888.S785</subfield>
    <subfield code="b">A4 2000</subfield>
  </datafield>
  <datafield tag="245" ind1="0" ind2="0">
    <subfield code="a">Franz von Stuck und der Tanz :</subfield>
    <subfield code="b">12. Jahresausstellung, Franz von Stuck Geburtshaus Tettenweis, Juni 2000-Mai 2001 /</subfield>
    <subfield code="c">[Konzept, Text und Katalog, Brygida Ochaim ; Redaktion, Regina Heilmann-Thon, Brygida Ochaim].</subfield>
  </datafield>
  <datafield tag="250" ind1=" " ind2=" ">
    <subfield code="a">1. Aufl.</subfield>
  </datafield>
  <datafield tag="260" ind1=" " ind2=" ">
    <subfield code="a">[Tettenweis :</subfield>
    <subfield code="b">Franz von Stuck Geburtshaus Tettenweis],</subfield>
    <subfield code="c">2000.</subfield>
  </datafield>
  <datafield tag="300" ind1=" " ind2=" ">
    <subfield code="a">55 p. :</subfield>
    <subfield code="b">ill. ;</subfield>
    <subfield code="c">30 cm.</subfield>
  </datafield>
  <datafield tag="504" ind1=" " ind2=" ">
    <subfield code="a">Includes bibliographical references.</subfield>
  </datafield>
  <datafield tag="600" ind1="1" ind2="0">
    <subfield code="a">Stuck, Franz von,</subfield>
    <subfield code="d">1863-1928</subfield>
    <subfield code="v">Exhibitions.</subfield>
  </datafield>
  <datafield tag="650" ind1=" " ind2="0">
    <subfield code="a">Art and photography</subfield>
    <subfield code="v">Exhibitions.</subfield>
  </datafield>
  <datafield tag="650" ind1=" " ind2="0">
    <subfield code="a">Dance in art</subfield>
    <subfield code="v">Exhibitions.</subfield>
  </datafield>
  <datafield tag="700" ind1="1" ind2=" ">
    <subfield code="a">Stuck, Franz von,</subfield>
    <subfield code="d">1863-1928.</subfield>
  </datafield>
  <datafield tag="700" ind1="1" ind2=" ">
    <subfield code="a">Ochaim, Brygida Maria.</subfield>
  </datafield>
  <datafield tag="700" ind1="1" ind2=" ">
    <subfield code="a">Heilmann-Thon, Regina.</subfield>
  </datafield>
  <datafield tag="710" ind1="2" ind2=" ">
    <subfield code="a">Franz von Stuck Geburtshaus Tettenweis.</subfield>
  </datafield>
  <datafield tag="923" ind1=" " ind2=" ">
    <subfield code="d">20001130</subfield>
    <subfield code="n">0112452</subfield>
    <subfield code="s">93001286</subfield>
  </datafield>
</record>