
<record>
  <leader>01498cjm a2200373 a 4500</leader>
  <controlfield tag="001">12324948</controlfield>
  <controlfield tag="005">20200103115153.0</controlfield>
  <controlfield tag="007">sd bmmennmplue</controlfield>
  <controlfield tag="008">900618s1957    njujzn|           | zxx d</controlfield>
  <datafield tag="906" ind1=" " ind2=" ">
    <subfield code="a">7</subfield>
    <subfield code="b">cbc</subfield>
    <subfield code="c">copycat</subfield>
    <subfield code="d">2</subfield>
    <subfield code="e">ncip</subfield>
    <subfield code="f">20</subfield>
    <subfield code="g">y-soundrec</subfield>
  </datafield>
  <datafield tag="925" ind1="0" ind2=" ">
    <subfield code="a">acquire</subfield>
    <subfield code="b">2 shelf copies</subfield>
    <subfield code="x">policy default</subfield>
  </datafield>
  <datafield tag="955" ind1=" " ind2=" ">
    <subfield code="a">qr06 2020-01-03 z-client</subfield>
    <subfield code="i">qr06 2020-01-03</subfield>
  </datafield>
  <datafield tag="010" ind1=" " ind2=" ">
    <subfield code="a">   00718046 </subfield>
  </datafield>
  <datafield tag="028" ind1="0" ind2="2">
    <subfield code="a">MG 12084</subfield>
    <subfield code="b">Savoy</subfield>
  </datafield>
  <datafield tag="035" ind1=" " ind2=" ">
    <subfield code="a">(OCoLC)ocm21881564</subfield>
  </datafield>
  <datafield tag="040" ind1=" " ind2=" ">
    <subfield code="a">WUO</subfield>
    <subfield code="b">eng</subfield>
    <subfield code="c">WDA</subfield>
    <subfield code="d">OCLCQ</subfield>
    <subfield code="d">OCLCG</subfield>
    <subfield code="d">OCLCA</subfield>
    <subfield code="d">CGP</subfield>
    <subfield code="d">OCLCQ</subfield>
    <subfield code="d">OCLCF</subfield>
    <subfield code="d">OCL</subfield>
    <subfield code="d">OCLCQ</subfield>
    <subfield code="d">MNG</subfield>
    <subfield code="d">DLC</subfield>
  </datafield>
  <datafield tag="042" ind1=" " ind2=" ">
    <subfield code="a">lccopycat</subfield>
  </datafield>
  <datafield tag="050" ind1="0" ind2="0">
    <subfield code="a">Savoy MG-12084</subfield>
  </datafield>
  <datafield tag="100" ind1="1" ind2=" ">
    <subfield code="a">Jones, Hank,</subfield>
    <subfield code="d">1918-2010.</subfield>
  </datafield>
  <datafield tag="245" ind1="1" ind2="0">
    <subfield code="a">&quot;Have you met Hank Jones.&quot;</subfield>
  </datafield>
  <datafield tag="260" ind1=" " ind2=" ">
    <subfield code="a">Newark, NJ :</subfield>
    <subfield code="b">Savoy Records,</subfield>
    <subfield code="c">[1957?]</subfield>
  </datafield>
  <datafield tag="300" ind1=" " ind2=" ">
    <subfield code="a">1 audio disc :</subfield>
    <subfield code="b">analog, 33 1/3 rpm ;</subfield>
    <subfield code="c">12 in.</subfield>
  </datafield>
  <datafield tag="336" ind1=" " ind2=" ">
    <subfield code="a">performed music</subfield>
    <subfield code="b">prm</subfield>
    <subfield code="2">rdacontent</subfield>
  </datafield>
  <datafield tag="337" ind1=" " ind2=" ">
    <subfield code="a">audio</subfield>
    <subfield code="b">s</subfield>
    <subfield code="2">rdamedia</subfield>
  </datafield>
  <datafield tag="338" ind1=" " ind2=" ">
    <subfield code="a">audio disc</subfield>
    <subfield code="b">sd</subfield>
    <subfield code="2">rdacarrier</subfield>
  </datafield>
  <datafield tag="511" ind1="0" ind2=" ">
    <subfield code="a">Hank Jones, piano.</subfield>
  </datafield>
  <datafield tag="500" ind1=" " ind2=" ">
    <subfield code="a">LC copy 2: White House Collection copy.</subfield>
    <subfield code="5">DLC</subfield>
  </datafield>
  <datafield tag="505" ind1="0" ind2=" ">
    <subfield code="a">It had to be you -- Heart and soul -- Lets fall in love -- But not for me -- Mankakee shout -- Body and soul -- How about you -- Gone with the wind -- Teddy&apos;s dream -- Have you met Miss Jones -- You don&apos;t know what love is -- Solo blues.</subfield>
  </datafield>
  <datafield tag="650" ind1=" " ind2="0">
    <subfield code="a">Piano music (Jazz)</subfield>
  </datafield>
  <datafield tag="650" ind1=" " ind2="0">
    <subfield code="a">Jazz</subfield>
    <subfield code="y">1951-1960.</subfield>
  </datafield>
  <datafield tag="650" ind1=" " ind2="7">
    <subfield code="a">Jazz.</subfield>
    <subfield code="2">fast</subfield>
    <subfield code="0">(OCoLC)fst00982165</subfield>
  </datafield>
  <datafield tag="650" ind1=" " ind2="7">
    <subfield code="a">Piano music (Jazz)</subfield>
    <subfield code="2">fast</subfield>
    <subfield code="0">(OCoLC)fst01063433</subfield>
  </datafield>
  <datafield tag="648" ind1=" " ind2="7">
    <subfield code="a">1951-1960</subfield>
    <subfield code="2">fast</subfield>
  </datafield>
  <datafield tag="985" ind1=" " ind2=" ">
    <subfield code="c">OCLC</subfield>
    <subfield code="e">Claimed Recordings</subfield>
  </datafield>
</record>