
<record>
  <leader>01606cjm a2200373 i 4500</leader>
  <controlfield tag="001">12325202</controlfield>
  <controlfield tag="005">20200103160355.0</controlfield>
  <controlfield tag="007">sd bumennmplue</controlfield>
  <controlfield tag="008">820924s1965    njugmn|  fi       | eng d</controlfield>
  <datafield tag="906" ind1=" " ind2=" ">
    <subfield code="a">7</subfield>
    <subfield code="b">cbc</subfield>
    <subfield code="c">copycat</subfield>
    <subfield code="d">2</subfield>
    <subfield code="e">ncip</subfield>
    <subfield code="f">20</subfield>
    <subfield code="g">y-soundrec</subfield>
  </datafield>
  <datafield tag="925" ind1="0" ind2=" ">
    <subfield code="a">acquire</subfield>
    <subfield code="b">2 shelf copies</subfield>
    <subfield code="x">policy default</subfield>
  </datafield>
  <datafield tag="955" ind1=" " ind2=" ">
    <subfield code="a">qr06 2020-01-03 z-client</subfield>
    <subfield code="i">qr06 2020-01-03</subfield>
  </datafield>
  <datafield tag="010" ind1=" " ind2=" ">
    <subfield code="a">   00718300 </subfield>
  </datafield>
  <datafield tag="028" ind1="0" ind2="2">
    <subfield code="a">Savoy 14126</subfield>
    <subfield code="b">Savoy</subfield>
  </datafield>
  <datafield tag="035" ind1=" " ind2=" ">
    <subfield code="a">(OCoLC)ocm53276171</subfield>
  </datafield>
  <datafield tag="035" ind1=" " ind2=" ">
    <subfield code="a">(OCoLC)53276171</subfield>
  </datafield>
  <datafield tag="040" ind1=" " ind2=" ">
    <subfield code="a">NOC</subfield>
    <subfield code="b">eng</subfield>
    <subfield code="c">NOC</subfield>
    <subfield code="d">OCLCQ</subfield>
    <subfield code="d">OCLCG</subfield>
    <subfield code="d">OCLCF</subfield>
    <subfield code="d">OCLCO</subfield>
    <subfield code="d">OCLCQ</subfield>
    <subfield code="d">DLC</subfield>
  </datafield>
  <datafield tag="042" ind1=" " ind2=" ">
    <subfield code="a">lccopycat</subfield>
  </datafield>
  <datafield tag="050" ind1="0" ind2="0">
    <subfield code="a">Savoy MG-14126</subfield>
  </datafield>
  <datafield tag="100" ind1="1" ind2=" ">
    <subfield code="a">Johnson, C. J.</subfield>
    <subfield code="q">(Claude Joseph)</subfield>
    <subfield code="4">prf</subfield>
  </datafield>
  <datafield tag="245" ind1="0" ind2="0">
    <subfield code="a">Dr. C.J. Johnson presents the old time song service.</subfield>
  </datafield>
  <datafield tag="246" ind1="3" ind2=" ">
    <subfield code="a">Old time song service</subfield>
  </datafield>
  <datafield tag="260" ind1=" " ind2=" ">
    <subfield code="a">Newark, N.J. :</subfield>
    <subfield code="b">Savoy,</subfield>
    <subfield code="c">[1965?]</subfield>
  </datafield>
  <datafield tag="300" ind1=" " ind2=" ">
    <subfield code="a">1 audio disc :</subfield>
    <subfield code="b">analog, 33 1/3 rpm ;</subfield>
    <subfield code="c">12 in.</subfield>
  </datafield>
  <datafield tag="336" ind1=" " ind2=" ">
    <subfield code="a">performed music</subfield>
    <subfield code="b">prm</subfield>
    <subfield code="2">rdacontent</subfield>
  </datafield>
  <datafield tag="337" ind1=" " ind2=" ">
    <subfield code="a">audio</subfield>
    <subfield code="b">s</subfield>
    <subfield code="2">rdamedia</subfield>
  </datafield>
  <datafield tag="338" ind1=" " ind2=" ">
    <subfield code="a">audio disc</subfield>
    <subfield code="b">sd</subfield>
    <subfield code="2">rdacarrier</subfield>
  </datafield>
  <datafield tag="511" ind1="0" ind2=" ">
    <subfield code="a">C.J. Johnson, vocals ; with acc.</subfield>
  </datafield>
  <datafield tag="500" ind1=" " ind2=" ">
    <subfield code="a">White House Collection copy.</subfield>
    <subfield code="5">DLC</subfield>
  </datafield>
  <datafield tag="500" ind1=" " ind2=" ">
    <subfield code="a">Program and biographical notes on container.</subfield>
  </datafield>
  <datafield tag="505" ind1="0" ind2=" ">
    <subfield code="a">You better run to the city of refuge -- One morning soon -- There&apos;s a dark cloud rising -- The storm is passing over -- In a time like this -- I heard the voice of Jesus say -- Oh Lord I want you to move -- I&apos;m just feeling my way through this world -- You don&apos;t know what the Lord told me -- Sitting down in the Kingdom.</subfield>
  </datafield>
  <datafield tag="650" ind1=" " ind2="0">
    <subfield code="a">Gospel music.</subfield>
  </datafield>
  <datafield tag="650" ind1=" " ind2="7">
    <subfield code="a">Gospel music.</subfield>
    <subfield code="2">fast</subfield>
    <subfield code="0">(OCoLC)fst00945026</subfield>
  </datafield>
  <datafield tag="985" ind1=" " ind2=" ">
    <subfield code="c">OCLC</subfield>
    <subfield code="e">Claimed Recordings</subfield>
  </datafield>
</record>