
<record>
  <leader>02285ccm a2200277 a 4500</leader>
  <controlfield tag="001">12354070</controlfield>
  <controlfield tag="005">20200103144527.0</controlfield>
  <controlfield tag="008">010321s2000    xxuzzz         n        d</controlfield>
  <datafield tag="906" ind1=" " ind2=" ">
    <subfield code="a">7</subfield>
    <subfield code="b">cbc</subfield>
    <subfield code="c">copycat</subfield>
    <subfield code="d">4</subfield>
    <subfield code="e">ncip</subfield>
    <subfield code="f">20</subfield>
    <subfield code="g">y-genmusic</subfield>
  </datafield>
  <datafield tag="925" ind1="0" ind2=" ">
    <subfield code="a">acquire</subfield>
    <subfield code="b">1 shelf copy</subfield>
    <subfield code="x">policy default</subfield>
  </datafield>
  <datafield tag="955" ind1=" " ind2=" ">
    <subfield code="a">vl20 to MSR 03-21-01</subfield>
    <subfield code="i">vk37 2003-12-22</subfield>
    <subfield code="e">vk05 2003-12-22 to Music Division</subfield>
    <subfield code="e">vl20 2004-08-17 2nd copy to Music Division</subfield>
  </datafield>
  <datafield tag="010" ind1=" " ind2=" ">
    <subfield code="a">  2001572398</subfield>
  </datafield>
  <datafield tag="028" ind1="3" ind2="2">
    <subfield code="a">0 80689 31938 9</subfield>
    <subfield code="b">Word Music</subfield>
  </datafield>
  <datafield tag="035" ind1=" " ind2=" ">
    <subfield code="a">(OCoLC)ocm45861447</subfield>
  </datafield>
  <datafield tag="040" ind1=" " ind2=" ">
    <subfield code="a">KTS</subfield>
    <subfield code="c">KTS</subfield>
    <subfield code="d">DLC</subfield>
  </datafield>
  <datafield tag="042" ind1=" " ind2=" ">
    <subfield code="a">lccopycat</subfield>
  </datafield>
  <datafield tag="050" ind1="0" ind2="0">
    <subfield code="a">M38.5</subfield>
    <subfield code="b">.S</subfield>
  </datafield>
  <datafield tag="245" ind1="0" ind2="0">
    <subfield code="a">Sunday morning blend :</subfield>
    <subfield code="b">hymns plus praise &amp; worship songs : includes chord symbols /</subfield>
    <subfield code="c">arranged by Carol Tornquist.</subfield>
  </datafield>
  <datafield tag="260" ind1=" " ind2=" ">
    <subfield code="a">[United States] :</subfield>
    <subfield code="b">Word Music,</subfield>
    <subfield code="c">c2000.</subfield>
  </datafield>
  <datafield tag="300" ind1=" " ind2=" ">
    <subfield code="a">103 p. of music ;</subfield>
    <subfield code="c">31 cm.</subfield>
  </datafield>
  <datafield tag="500" ind1=" " ind2=" ">
    <subfield code="a">For piano.</subfield>
  </datafield>
  <datafield tag="505" ind1="0" ind2=" ">
    <subfield code="a">A mighty fortress is our God ; Awesome God -- All hail the power of Jesus&apos; name ; You are my all in all -- Alleluia! Sing to Jesus ; All hail, King Jesus -- Bless the Lord, o my soul ; How majestic is Your name -- Come, Thou almighty King ; We will glorify -- Crown Him with many crowns ; Crown Him King of Kings -- Hallelujah! What a Savior ; Sing hallelujah to the Lord -- Holy, holy, holy! Lord God almighty ; Holy, holy, holy (Hosanna) -- Holy is the Lord ; We bow down -- How firm a foundation ; Firm foundation -- I sing the mighty power of God ; Almighty -- I will bless Thee, o Lord ; Great is the Lord -- I will sing of the mercies ; Ancient of days -- Isaiah 6:3 ; Jesus, we crown You with praise --</subfield>
  </datafield>
  <datafield tag="505" ind1="0" ind2=" ">
    <subfield code="a">Jesus shall reign ; Great is the Lord almighty -- Joyful, joyful, we adore Thee ; I worship You, almighty God -- More love to Thee ; More love, more power -- O come, let us adore Him ; He is exalted -- O for a thousand tongues to sing ; Let there be glory and honor and praises -- O how I love Jesus ; In moments like these -- Praise Him! Praise Him! ; I sing praises -- Stand up and bless the Lord ; Lift high the Lord, our banner -- Take my life and let it be consecrated ; Sanctuary -- To God be the glory ; Blessing, honour and glory -- When morning gilds the skies ; We bring the sacrifice of praise.</subfield>
  </datafield>
  <datafield tag="650" ind1=" " ind2="0">
    <subfield code="a">Piano music, Arranged.</subfield>
  </datafield>
  <datafield tag="650" ind1=" " ind2="0">
    <subfield code="a">Hymns</subfield>
    <subfield code="v">Instrumental settings.</subfield>
  </datafield>
  <datafield tag="700" ind1="1" ind2=" ">
    <subfield code="a">Tornquist, Carol.</subfield>
  </datafield>
</record>