
<record>
  <leader>01847cjm a22004691a 4500</leader>
  <controlfield tag="001">12454909</controlfield>
  <controlfield tag="005">20200103132000.0</controlfield>
  <controlfield tag="007">sd|fsngnnmmned</controlfield>
  <controlfield tag="008">010628p20001998sw   n   i              d</controlfield>
  <datafield tag="906" ind1=" " ind2=" ">
    <subfield code="a">7</subfield>
    <subfield code="b">cbc</subfield>
    <subfield code="c">copycat</subfield>
    <subfield code="d">3</subfield>
    <subfield code="e">ncip</subfield>
    <subfield code="f">20</subfield>
    <subfield code="g">y-genmusic</subfield>
  </datafield>
  <datafield tag="925" ind1="0" ind2=" ">
    <subfield code="a">acquire</subfield>
    <subfield code="b">2 shelf copies</subfield>
    <subfield code="x">policy default</subfield>
  </datafield>
  <datafield tag="955" ind1=" " ind2=" ">
    <subfield code="a">of02 06-28-01 to MBRS</subfield>
    <subfield code="a">vl20 2001-10-25 to MBRS</subfield>
  </datafield>
  <datafield tag="028" ind1="0" ind2="2">
    <subfield code="a">7075</subfield>
    <subfield code="b">Tudor</subfield>
  </datafield>
  <datafield tag="035" ind1=" " ind2=" ">
    <subfield code="a">(DLC)   2001368207</subfield>
  </datafield>
  <datafield tag="050" ind1="0" ind2="0">
    <subfield code="a">SDA 39310</subfield>
  </datafield>
  <datafield tag="010" ind1=" " ind2=" ">
    <subfield code="a">  2001368207</subfield>
  </datafield>
  <datafield tag="024" ind1="1" ind2=" ">
    <subfield code="a">7619911070755</subfield>
  </datafield>
  <datafield tag="024" ind1="3" ind2=" ">
    <subfield code="a">7619911070755</subfield>
  </datafield>
  <datafield tag="028" ind1="0" ind2="0">
    <subfield code="a">7075</subfield>
    <subfield code="b">Tudor</subfield>
  </datafield>
  <datafield tag="035" ind1=" " ind2=" ">
    <subfield code="a">(OCoLC)ocm48101509</subfield>
  </datafield>
  <datafield tag="040" ind1=" " ind2=" ">
    <subfield code="a">FMZ</subfield>
    <subfield code="c">FMZ</subfield>
    <subfield code="d">DLC</subfield>
  </datafield>
  <datafield tag="041" ind1="0" ind2=" ">
    <subfield code="g">engfreger</subfield>
    <subfield code="h">ger</subfield>
  </datafield>
  <datafield tag="042" ind1=" " ind2=" ">
    <subfield code="a">lcderive</subfield>
  </datafield>
  <datafield tag="048" ind1=" " ind2=" ">
    <subfield code="a">ba01</subfield>
    <subfield code="a">sb02</subfield>
    <subfield code="a">wb01</subfield>
    <subfield code="a">wd01</subfield>
  </datafield>
  <datafield tag="100" ind1="1" ind2=" ">
    <subfield code="a">Hoffmeister, Franz Anton,</subfield>
    <subfield code="d">1754-1812.</subfield>
  </datafield>
  <datafield tag="240" ind1="1" ind2="0">
    <subfield code="a">Nocturnes.</subfield>
    <subfield code="k">Selections</subfield>
  </datafield>
  <datafield tag="245" ind1="1" ind2="0">
    <subfield code="a">Notturnos (quintets) for oboe, horn, bassoon and two violas</subfield>
    <subfield code="h">[sound recording] /</subfield>
    <subfield code="c">Franz Anton Hoffmeister.</subfield>
  </datafield>
  <datafield tag="260" ind1=" " ind2=" ">
    <subfield code="a">Zürich :</subfield>
    <subfield code="b">Tudor Recording AG,</subfield>
    <subfield code="c">p2000.</subfield>
  </datafield>
  <datafield tag="300" ind1=" " ind2=" ">
    <subfield code="a">1 sound disc :</subfield>
    <subfield code="b">digital, stereo. ;</subfield>
    <subfield code="c">4 3/4 in.</subfield>
  </datafield>
  <datafield tag="306" ind1=" " ind2=" ">
    <subfield code="a">011130</subfield>
  </datafield>
  <datafield tag="500" ind1=" " ind2=" ">
    <subfield code="a">Program notes in German with English and French translations.</subfield>
  </datafield>
  <datafield tag="505" ind1="0" ind2="0">
    <subfield code="t">Notturno (quintet) no. 1, E flat major</subfield>
    <subfield code="g">(16:51) --</subfield>
    <subfield code="t">Notturno (quintet) no. 2, F major</subfield>
    <subfield code="g">(14:22) --</subfield>
    <subfield code="t">Notturno (quintet) no. 3, E flat major</subfield>
    <subfield code="g">(21:52) --</subfield>
    <subfield code="t">Notturno (quintet) no. 6, D major</subfield>
    <subfield code="g">(18:11)</subfield>
  </datafield>
  <datafield tag="511" ind1="0" ind2=" ">
    <subfield code="a">Simon Fuchs, oboe ; Jakob Hefti, horn ; Manfred Sax, bassoon ; Michel Rouilly, viola ; Katja Richter, viola.</subfield>
  </datafield>
  <datafield tag="518" ind1=" " ind2=" ">
    <subfield code="a">Recorded at Kirche Blumenstein, Bern, June 1-4, 1998.</subfield>
  </datafield>
  <datafield tag="650" ind1=" " ind2="0">
    <subfield code="a">Quintets (Bassoon, horn, oboe, violas (2))</subfield>
  </datafield>
  <datafield tag="700" ind1="1" ind2=" ">
    <subfield code="a">Fuchs, Simon,</subfield>
    <subfield code="d">1961-</subfield>
    <subfield code="4">itr</subfield>
  </datafield>
  <datafield tag="700" ind1="1" ind2=" ">
    <subfield code="a">Hefti, Jakob.</subfield>
    <subfield code="4">itr</subfield>
  </datafield>
  <datafield tag="700" ind1="1" ind2=" ">
    <subfield code="a">Sax, Manfred.</subfield>
    <subfield code="4">itr</subfield>
  </datafield>
  <datafield tag="700" ind1="1" ind2=" ">
    <subfield code="a">Rouilly, Michel.</subfield>
    <subfield code="4">itr</subfield>
  </datafield>
  <datafield tag="700" ind1="1" ind2=" ">
    <subfield code="a">Richter, Katja.</subfield>
    <subfield code="4">itr</subfield>
  </datafield>
  <datafield tag="952" ind1=" " ind2=" ">
    <subfield code="a">tfront</subfield>
  </datafield>
  <datafield tag="985" ind1=" " ind2=" ">
    <subfield code="c">OCLC</subfield>
    <subfield code="e">srreplace 2002-05</subfield>
  </datafield>
</record>