
<record>
  <leader>01430ccm a22003014a 4500</leader>
  <controlfield tag="001">12572335</controlfield>
  <controlfield tag="005">20200103151115.0</controlfield>
  <controlfield tag="008">011019s2000    it uua         n    fur  </controlfield>
  <datafield tag="906" ind1=" " ind2=" ">
    <subfield code="a">7</subfield>
    <subfield code="b">cbc</subfield>
    <subfield code="c">origres</subfield>
    <subfield code="d">4</subfield>
    <subfield code="e">ncip</subfield>
    <subfield code="f">20</subfield>
    <subfield code="g">y-genmusic</subfield>
  </datafield>
  <datafield tag="925" ind1="0" ind2=" ">
    <subfield code="a">acquire</subfield>
    <subfield code="b">1 shelf copy</subfield>
    <subfield code="x">policy default</subfield>
  </datafield>
  <datafield tag="955" ind1=" " ind2=" ">
    <subfield code="a">of04 11-14-01 to SMCD</subfield>
    <subfield code="i">vl09 2002-10-25</subfield>
    <subfield code="e">vl09 2002-10-25 to Music Division</subfield>
  </datafield>
  <datafield tag="010" ind1=" " ind2=" ">
    <subfield code="a">  2001543315</subfield>
  </datafield>
  <datafield tag="028" ind1="3" ind2="2">
    <subfield code="a">N. 334</subfield>
    <subfield code="b">Pizzicato</subfield>
  </datafield>
  <datafield tag="035" ind1=" " ind2=" ">
    <subfield code="a">(GyWOH)har015025531</subfield>
  </datafield>
  <datafield tag="040" ind1=" " ind2=" ">
    <subfield code="a">DLC</subfield>
    <subfield code="c">DLC</subfield>
  </datafield>
  <datafield tag="041" ind1="0" ind2=" ">
    <subfield code="a">furita</subfield>
  </datafield>
  <datafield tag="042" ind1=" " ind2=" ">
    <subfield code="a">pcc</subfield>
  </datafield>
  <datafield tag="050" ind1="0" ind2="0">
    <subfield code="a">M1582</subfield>
    <subfield code="b">.S</subfield>
  </datafield>
  <datafield tag="100" ind1="1" ind2=" ">
    <subfield code="a">Seghizzi Campolieti, Cecilia,</subfield>
    <subfield code="d">1908-2019.</subfield>
  </datafield>
  <datafield tag="245" ind1="1" ind2="3">
    <subfield code="a">Un bucaneve :</subfield>
    <subfield code="b">composizioni corali a 3 e a 4 voci /</subfield>
    <subfield code="c">Cecilia Seghizzi Campolieti.</subfield>
  </datafield>
  <datafield tag="260" ind1=" " ind2=" ">
    <subfield code="a">Udine :</subfield>
    <subfield code="b">Pizzicato,</subfield>
    <subfield code="c">c2000.</subfield>
  </datafield>
  <datafield tag="300" ind1=" " ind2=" ">
    <subfield code="a">1 score (30 p.) ;</subfield>
    <subfield code="c">31 cm.</subfield>
  </datafield>
  <datafield tag="546" ind1=" " ind2=" ">
    <subfield code="a">Friulian and Italian words, printed also as text preceding music.</subfield>
  </datafield>
  <datafield tag="505" ind1="0" ind2=" ">
    <subfield code="a">Al me paîs l&apos;è un sun : Sâtu &apos;l me paîs? : a 3 voci femminili ; Al me sanc : a 4 voci miste ; Dami &apos;na man Diu : a 3 voci femminili ; Dami &apos;na man Diu : a 4 voci miste / parole di Celso Macor (4 mixed voices) -- E primavera : a 4 voci miste / parole di Tatsuo Basho -- Un bucaneve : impressione a 3 voci femminili / parole di Biagio Marin.</subfield>
  </datafield>
  <datafield tag="650" ind1=" " ind2="0">
    <subfield code="a">Choruses, Secular (Mixed voices, 4 parts), Unaccompanied.</subfield>
  </datafield>
  <datafield tag="650" ind1=" " ind2="0">
    <subfield code="a">Choruses, Secular (Women&apos;s voices, 3 parts), Unaccompanied.</subfield>
  </datafield>
  <datafield tag="923" ind1=" " ind2=" ">
    <subfield code="d">20011023</subfield>
    <subfield code="n">0154592</subfield>
    <subfield code="s">GyWOH</subfield>
  </datafield>
  <datafield tag="985" ind1=" " ind2=" ">
    <subfield code="e">VENDOR LOAD</subfield>
  </datafield>
</record>