
<record>
  <leader>02165cjm a22004571a 4500</leader>
  <controlfield tag="001">12589112</controlfield>
  <controlfield tag="005">20200103150056.0</controlfield>
  <controlfield tag="007">sd|fsngnnmmned</controlfield>
  <controlfield tag="008">011114p20012000enkmun   efhi           d</controlfield>
  <datafield tag="906" ind1=" " ind2=" ">
    <subfield code="a">7</subfield>
    <subfield code="b">cbc</subfield>
    <subfield code="c">copycat</subfield>
    <subfield code="d">3</subfield>
    <subfield code="e">ncip</subfield>
    <subfield code="f">20</subfield>
    <subfield code="g">y-genmusic</subfield>
  </datafield>
  <datafield tag="925" ind1="0" ind2=" ">
    <subfield code="a">acquire</subfield>
    <subfield code="b">2 shelf copies</subfield>
    <subfield code="x">policy default</subfield>
  </datafield>
  <datafield tag="955" ind1=" " ind2=" ">
    <subfield code="a">of02 11-14-01 to MBRS</subfield>
    <subfield code="a">vk05 2002-01-17 to MBRS</subfield>
  </datafield>
  <datafield tag="035" ind1=" " ind2=" ">
    <subfield code="a">(DLC)   2001368825</subfield>
  </datafield>
  <datafield tag="050" ind1="0" ind2="0">
    <subfield code="a">SDA 42730</subfield>
  </datafield>
  <datafield tag="010" ind1=" " ind2=" ">
    <subfield code="a">  2001368825</subfield>
  </datafield>
  <datafield tag="024" ind1="1" ind2=" ">
    <subfield code="a">095115990520</subfield>
  </datafield>
  <datafield tag="028" ind1="0" ind2="2">
    <subfield code="a">CHAN 9905</subfield>
    <subfield code="b">Chandos</subfield>
  </datafield>
  <datafield tag="035" ind1=" " ind2=" ">
    <subfield code="a">(OCoLC)ocm47126333</subfield>
  </datafield>
  <datafield tag="040" ind1=" " ind2=" ">
    <subfield code="a">CIN</subfield>
    <subfield code="c">CIN</subfield>
    <subfield code="d">DLC</subfield>
  </datafield>
  <datafield tag="041" ind1="0" ind2=" ">
    <subfield code="g">eng</subfield>
    <subfield code="g">ger</subfield>
    <subfield code="g">fre</subfield>
  </datafield>
  <datafield tag="042" ind1=" " ind2=" ">
    <subfield code="a">lcderive</subfield>
  </datafield>
  <datafield tag="047" ind1=" " ind2=" ">
    <subfield code="a">mr</subfield>
    <subfield code="a">su</subfield>
  </datafield>
  <datafield tag="100" ind1="1" ind2=" ">
    <subfield code="a">Krommer, Franz,</subfield>
    <subfield code="d">1759-1831.</subfield>
  </datafield>
  <datafield tag="240" ind1="1" ind2="0">
    <subfield code="a">Marches,</subfield>
    <subfield code="m">oboes (2), clarinets (2), trumpet, horns (2), bassoons (2), contrabassoon,</subfield>
    <subfield code="n">op. 31</subfield>
  </datafield>
  <datafield tag="245" ind1="1" ind2="0">
    <subfield code="a">Partitas &amp; marches</subfield>
    <subfield code="h">[sound recording] /</subfield>
    <subfield code="c">Franz Vinzenz Krommer.</subfield>
  </datafield>
  <datafield tag="246" ind1="3" ind2=" ">
    <subfield code="a">Partitas and marches</subfield>
  </datafield>
  <datafield tag="260" ind1=" " ind2=" ">
    <subfield code="a">Colchester, Essex, England :</subfield>
    <subfield code="b">Chandos,</subfield>
    <subfield code="c">p2001.</subfield>
  </datafield>
  <datafield tag="300" ind1=" " ind2=" ">
    <subfield code="a">1 sound disc :</subfield>
    <subfield code="b">digital ;</subfield>
    <subfield code="c">4 3/4 in.</subfield>
  </datafield>
  <datafield tag="500" ind1=" " ind2=" ">
    <subfield code="a">For 2 oboes, 2 clarinets, trumpet, 2 horns, 2 bassoons, and contrabassoon.</subfield>
  </datafield>
  <datafield tag="511" ind1="0" ind2=" ">
    <subfield code="a">Academy of St Martin in the Fields Chamber Ensemble ; Bastiaan Blomhert, conductor.</subfield>
  </datafield>
  <datafield tag="518" ind1=" " ind2=" ">
    <subfield code="a">Recorded June 7-8, 2000, St. Paul&apos;s Church, Knightsbridge.</subfield>
  </datafield>
  <datafield tag="500" ind1=" " ind2=" ">
    <subfield code="a">Compact disc.</subfield>
  </datafield>
  <datafield tag="500" ind1=" " ind2=" ">
    <subfield code="a">Program notes in English, German, and French in container.</subfield>
  </datafield>
  <datafield tag="505" ind1="0" ind2=" ">
    <subfield code="a">March, op. 31, no. 1 : Marche du Regiment Erzherzog Carl -- Partita in B flat major, op. 45, no. 1 -- March, op. 31, no. 6 -- March, op. 31, no. 5 : March du Regiment Fürst Auersperg -- Partita in E flat major, op. 45, no. 2 -- March, op. 31, no. 3 ; March, op. 31, no. 4 : Marche du Regiment Erzherzog Carl -- Partita in B flat major, op. 45, no. 3 -- March, op. 31, no. 2 : Marche du Regiment Deutschmeister.</subfield>
  </datafield>
  <datafield tag="650" ind1=" " ind2="0">
    <subfield code="a">Marches (Wind ensemble)</subfield>
  </datafield>
  <datafield tag="650" ind1=" " ind2="0">
    <subfield code="a">Suites (Wind ensemble)</subfield>
  </datafield>
  <datafield tag="700" ind1="1" ind2=" ">
    <subfield code="a">Blomhert, Bastiaan.</subfield>
    <subfield code="4">cnd</subfield>
  </datafield>
  <datafield tag="700" ind1="1" ind2="2">
    <subfield code="a">Krommer, Franz,</subfield>
    <subfield code="d">1759-1831.</subfield>
    <subfield code="t">Partitas,</subfield>
    <subfield code="m">woodwinds, horns (2), trumpet,</subfield>
    <subfield code="n">op. 45</subfield>
  </datafield>
  <datafield tag="710" ind1="2" ind2=" ">
    <subfield code="a">Academy of St. Martin-in-the-Fields.</subfield>
    <subfield code="b">Chamber Ensemble.</subfield>
  </datafield>
  <datafield tag="952" ind1=" " ind2=" ">
    <subfield code="a">tfront</subfield>
  </datafield>
  <datafield tag="985" ind1=" " ind2=" ">
    <subfield code="c">OCLC</subfield>
    <subfield code="e">srreplace 2002-05</subfield>
  </datafield>
</record>