
<record>
  <leader>03221cjm a22005897a 4500</leader>
  <controlfield tag="001">12816807</controlfield>
  <controlfield tag="005">20200103124840.0</controlfield>
  <controlfield tag="007">sd|fungnnmmned</controlfield>
  <controlfield tag="008">010928s1997    bl uun|           | por  </controlfield>
  <datafield tag="906" ind1=" " ind2=" ">
    <subfield code="a">7</subfield>
    <subfield code="b">cbc</subfield>
    <subfield code="c">origode</subfield>
    <subfield code="d">3</subfield>
    <subfield code="e">ncip</subfield>
    <subfield code="f">20</subfield>
    <subfield code="g">y-genmusic</subfield>
  </datafield>
  <datafield tag="925" ind1="0" ind2=" ">
    <subfield code="a">acquire</subfield>
    <subfield code="b">1 shelf copy</subfield>
    <subfield code="x">policy default</subfield>
  </datafield>
  <datafield tag="955" ind1=" " ind2=" ">
    <subfield code="a">wr07 to MBRS/RS 09/28/2001</subfield>
    <subfield code="i">vl15 2006-09-26</subfield>
    <subfield code="e">vl15 2006-09-29 to MBRS</subfield>
  </datafield>
  <datafield tag="035" ind1=" " ind2=" ">
    <subfield code="a">2001296792</subfield>
  </datafield>
  <datafield tag="010" ind1=" " ind2=" ">
    <subfield code="a">  2001296792</subfield>
  </datafield>
  <datafield tag="040" ind1=" " ind2=" ">
    <subfield code="a">DLC</subfield>
    <subfield code="c">DLC</subfield>
    <subfield code="d">DLC</subfield>
  </datafield>
  <datafield tag="042" ind1=" " ind2=" ">
    <subfield code="a">lcode</subfield>
  </datafield>
  <datafield tag="043" ind1=" " ind2=" ">
    <subfield code="a">s-bl---</subfield>
  </datafield>
  <datafield tag="050" ind1="0" ind2="0">
    <subfield code="a">SDB 49245</subfield>
  </datafield>
  <datafield tag="245" ind1="0" ind2="0">
    <subfield code="a">Estréias brasileiras</subfield>
    <subfield code="h">[sound recording].</subfield>
  </datafield>
  <datafield tag="260" ind1=" " ind2=" ">
    <subfield code="a">[Brasil] :</subfield>
    <subfield code="b">Crescente Produções Artísticas :</subfield>
    <subfield code="b">Seminários de Música Pro Arte,</subfield>
    <subfield code="c">[1997]</subfield>
  </datafield>
  <datafield tag="300" ind1=" " ind2=" ">
    <subfield code="a">1 sound disc :</subfield>
    <subfield code="b">digital ;</subfield>
    <subfield code="c">4 3/4 in.</subfield>
  </datafield>
  <datafield tag="500" ind1=" " ind2=" ">
    <subfield code="a">The 1st-2nd works for violin, violoncello, and piano; the 8th work for a &quot;cantatriz&quot; singing and speaking in various languages and vocalise and &quot;playing&quot; the piano object; and the 9th-10th works for flute, oboe, clarinet, horn, bassoon, and piano.</subfield>
  </datafield>
  <datafield tag="546" ind1=" " ind2=" ">
    <subfield code="a">Vocal works sung principally in Portuguese.</subfield>
  </datafield>
  <datafield tag="511" ind1="0" ind2=" ">
    <subfield code="a">In the 1st-2nd works: Trio Brasileiro. 3rd-5th works: Paulo Porto Alegre, guitar. 6th-7th works: Inácio de Nonno, baritone ; Aleida Schweitzer, piano. 8th work: Doriana Mendes, vocals, &quot;piano object.&quot; 9-10th works: Ensemble Rio.</subfield>
  </datafield>
  <datafield tag="500" ind1=" " ind2=" ">
    <subfield code="a">Compact disc.</subfield>
  </datafield>
  <datafield tag="505" ind1="0" ind2=" ">
    <subfield code="a">Alternâncias / Ronaldo Miranda -- Duas peças populares : Nazarenthiana / Murillo Santos -- Luís Correia / Paulo Porto Alegre -- Brasiliana : no. 7 / Ascendino Theodoro Nogueira -- Suarabácti / Pauxy Nunes Filho -- Cantos conhecidos / Ernani Aguiar ; texto de Manoel Bandeira -- Passatempo / Cirlei de Hollanda ; texto de Carlos Drummond de Andrade -- Ofélia presa nas cordas de um piano / Jocy de Oliveira  / -- Sexteto para piano e quinteto de sopros / Harry L. Crowl -- Fragmenta II / David Korenchendler.</subfield>
  </datafield>
  <datafield tag="500" ind1=" " ind2=" ">
    <subfield code="a">Production level cataloging.</subfield>
  </datafield>
  <datafield tag="650" ind1=" " ind2="0">
    <subfield code="a">Music</subfield>
    <subfield code="z">Brazil.</subfield>
  </datafield>
  <datafield tag="650" ind1=" " ind2="0">
    <subfield code="a">Piano trios.</subfield>
  </datafield>
  <datafield tag="650" ind1=" " ind2="0">
    <subfield code="a">Guitar music.</subfield>
  </datafield>
  <datafield tag="650" ind1=" " ind2="0">
    <subfield code="a">Songs (Medium voice) with piano.</subfield>
  </datafield>
  <datafield tag="600" ind1="1" ind2="0">
    <subfield code="a">Bandeira, Manuel,</subfield>
    <subfield code="d">1886-1968</subfield>
    <subfield code="v">Musical settings.</subfield>
  </datafield>
  <datafield tag="600" ind1="1" ind2="0">
    <subfield code="a">Andrade, Carlos Drummond de,</subfield>
    <subfield code="d">1902-1987</subfield>
    <subfield code="v">Musical settings.</subfield>
  </datafield>
  <datafield tag="650" ind1=" " ind2="0">
    <subfield code="a">Songs (High voice) with piano.</subfield>
  </datafield>
  <datafield tag="650" ind1=" " ind2="0">
    <subfield code="a">Sextets (Piano, bassoon, clarinet, flute, horn, oboe)</subfield>
  </datafield>
  <datafield tag="700" ind1="1" ind2=" ">
    <subfield code="a">Porto Alegre, Paulo.</subfield>
    <subfield code="4">prf</subfield>
  </datafield>
  <datafield tag="700" ind1="1" ind2=" ">
    <subfield code="a">Nonno, Inácio de.</subfield>
    <subfield code="4">prf</subfield>
  </datafield>
  <datafield tag="700" ind1="1" ind2=" ">
    <subfield code="a">Schweitzer, Aleida.</subfield>
    <subfield code="4">prf</subfield>
  </datafield>
  <datafield tag="700" ind1="1" ind2=" ">
    <subfield code="a">Mendes, Doriana.</subfield>
    <subfield code="4">prf</subfield>
  </datafield>
  <datafield tag="700" ind1="1" ind2="2">
    <subfield code="a">Miranda, Ronaldo.</subfield>
    <subfield code="t">Alternâncias.</subfield>
  </datafield>
  <datafield tag="700" ind1="1" ind2="2">
    <subfield code="a">Santos, Murillo,</subfield>
    <subfield code="d">1931-</subfield>
    <subfield code="t">Peças populares.</subfield>
  </datafield>
  <datafield tag="700" ind1="1" ind2="2">
    <subfield code="a">Porto Alegre, Paulo.</subfield>
    <subfield code="t">Luís Correia.</subfield>
  </datafield>
  <datafield tag="700" ind1="1" ind2="2">
    <subfield code="a">Nogueira, A. Theodoro</subfield>
    <subfield code="q">(Ascendino Theodoro),</subfield>
    <subfield code="d">1913-</subfield>
    <subfield code="t">Brasiliana,</subfield>
    <subfield code="n">no. 7.</subfield>
  </datafield>
  <datafield tag="700" ind1="1" ind2="2">
    <subfield code="a">Nunes Filho, Pauxy.</subfield>
    <subfield code="t">Suarabácti.</subfield>
  </datafield>
  <datafield tag="700" ind1="1" ind2="2">
    <subfield code="a">Aguiar, Ernani.</subfield>
    <subfield code="t">Cantos conhecidos.</subfield>
  </datafield>
  <datafield tag="700" ind1="1" ind2="2">
    <subfield code="a">Hollanda, Cirlei de,</subfield>
    <subfield code="d">1948-</subfield>
    <subfield code="t">Passatempo.</subfield>
  </datafield>
  <datafield tag="700" ind1="1" ind2="2">
    <subfield code="a">Oliveira, Jocy de,</subfield>
    <subfield code="d">1936-</subfield>
    <subfield code="t">Ofélia presa nas cordas de um piano.</subfield>
  </datafield>
  <datafield tag="700" ind1="1" ind2="2">
    <subfield code="a">Crowl, Harry,</subfield>
    <subfield code="d">1958-</subfield>
    <subfield code="t">Sextet,</subfield>
    <subfield code="m">piano, flute, oboe, clarinet, bassoon, horn.</subfield>
  </datafield>
  <datafield tag="700" ind1="1" ind2="2">
    <subfield code="a">Korenchendler, Henrique David.</subfield>
    <subfield code="t">Fragmenta,</subfield>
    <subfield code="n">no. 2.</subfield>
  </datafield>
  <datafield tag="710" ind1="2" ind2=" ">
    <subfield code="a">Trio Brasileiro.</subfield>
    <subfield code="4">prf</subfield>
  </datafield>
  <datafield tag="710" ind1="2" ind2=" ">
    <subfield code="a">Ensemble Rio.</subfield>
    <subfield code="4">prf</subfield>
  </datafield>
  <datafield tag="985" ind1=" " ind2=" ">
    <subfield code="e">ODE-rj</subfield>
  </datafield>
</record>