
<record>
  <leader>02815cam a22003494a 4500</leader>
  <controlfield tag="001">12913475</controlfield>
  <controlfield tag="005">20200103151805.0</controlfield>
  <controlfield tag="008">020823s2001    gw a     b    000 0 eng  </controlfield>
  <datafield tag="906" ind1=" " ind2=" ">
    <subfield code="a">7</subfield>
    <subfield code="b">cbc</subfield>
    <subfield code="c">origres</subfield>
    <subfield code="d">2</subfield>
    <subfield code="e">ncip</subfield>
    <subfield code="f">20</subfield>
    <subfield code="g">y-gencatlg</subfield>
  </datafield>
  <datafield tag="925" ind1="0" ind2=" ">
    <subfield code="a">acquire</subfield>
    <subfield code="b">1 shelf copy</subfield>
    <subfield code="x">policy default</subfield>
  </datafield>
  <datafield tag="955" ind1=" " ind2=" ">
    <subfield code="a">of23 09-26-2002 to SSCD</subfield>
    <subfield code="a">se00 2002-10-01</subfield>
    <subfield code="i">se02 2002-10-15</subfield>
    <subfield code="e">se05 2002-10-24 To Dewey</subfield>
  </datafield>
  <datafield tag="010" ind1=" " ind2=" ">
    <subfield code="a">  2002501609</subfield>
  </datafield>
  <datafield tag="020" ind1=" " ind2=" ">
    <subfield code="a">3789077402 (pbk.)</subfield>
  </datafield>
  <datafield tag="035" ind1=" " ind2=" ">
    <subfield code="a">(GyWOH)har020004964</subfield>
  </datafield>
  <datafield tag="040" ind1=" " ind2=" ">
    <subfield code="a">DLC</subfield>
    <subfield code="c">DLC</subfield>
    <subfield code="d">DLC</subfield>
  </datafield>
  <datafield tag="042" ind1=" " ind2=" ">
    <subfield code="a">pcc</subfield>
  </datafield>
  <datafield tag="043" ind1=" " ind2=" ">
    <subfield code="a">e------</subfield>
  </datafield>
  <datafield tag="050" ind1="0" ind2="0">
    <subfield code="a">HG186.A2</subfield>
    <subfield code="b">G55 2001</subfield>
  </datafield>
  <datafield tag="245" ind1="0" ind2="0">
    <subfield code="a">Globalisation of financial markets and financial stability :</subfield>
    <subfield code="b">challenges for Europe /</subfield>
    <subfield code="c">Christa Randzio-Plath (ed.) ; contributions by Graham Bishop ... [et al.].</subfield>
  </datafield>
  <datafield tag="250" ind1=" " ind2=" ">
    <subfield code="a">1. Aufl.</subfield>
  </datafield>
  <datafield tag="260" ind1=" " ind2=" ">
    <subfield code="a">Baden-Baden :</subfield>
    <subfield code="b">Nomos,</subfield>
    <subfield code="c">2001.</subfield>
  </datafield>
  <datafield tag="300" ind1=" " ind2=" ">
    <subfield code="a">204 p. :</subfield>
    <subfield code="b">ill. ;</subfield>
    <subfield code="c">23 cm.</subfield>
  </datafield>
  <datafield tag="504" ind1=" " ind2=" ">
    <subfield code="a">Includes bibliographical references.</subfield>
  </datafield>
  <datafield tag="505" ind1="8" ind2=" ">
    <subfield code="a">Machine generated contents note: 1. GLOBALISED FINANCIAL MARKETS, CHANCES AND RISKS 9 Alexandre Lamfalussy Financial Globalisation and Fragility of Markets 11 Horst Kohler The Role of the IMF in Crisis Prevention 17 2. FINANCIAL MARKETS STABILTY AND THE EUROPEAN UNION 35 Willem F. Duisenberg The Contribution of the Euro to Financial Stability 37 Pedro Solbes Globalised Financial Markets and the Risks to Economic Stability - An EU Perspective 53 Christa Randzio-Plath Europe&apos;s Contribution to International Financial Stability 67 3. REGULATION AND SELFREGULATION, SUPERVISION AND CUSTOMERS CARE 79 Andrew Crockett The Core Principles for Effective Banking Supervision and their implementation 81 Graham Bishop Self Regulation and State Regulation - a Challenge 93 Rolf E. Breuer The Private Sector&apos;s Contribution to Crisis Prevention and Crisis Management 109 Dietrich Hoppenstedt Consumer Protection and Financial Market Stability 129 Mario Draghi Investor and Consumer Protection in Global Financial Services Markets 139 4. FINANCIAL MARKETS, JOBS, AND SOCIAL QUESTIONS 151 Eddy Lee The Employment and Social Impact of Financial Crises 153 Hans Eichel The Influence of Financial Markets on the Economy and Employment 163 5. FINANCIAL MARKET STABILITY, TRANSFORMATION, AND EMERGING MARKETS 175 Ernst Welteke EU Enlargement and Financial Market Stability 177 Hanna Gronkiewicz-Waltz The Impact Of Efficient And Stable Financial Services Markets Including Appropriate Supervisory Structures Of Liberalization Of Capital Markets In Transition Economies 191.</subfield>
  </datafield>
  <datafield tag="650" ind1=" " ind2="0">
    <subfield code="a">Finance</subfield>
    <subfield code="z">Europe.</subfield>
  </datafield>
  <datafield tag="650" ind1=" " ind2="0">
    <subfield code="a">Economic stabilization</subfield>
    <subfield code="z">Europe.</subfield>
  </datafield>
  <datafield tag="650" ind1=" " ind2="0">
    <subfield code="a">Globalization.</subfield>
  </datafield>
  <datafield tag="700" ind1="1" ind2=" ">
    <subfield code="a">Randzio-Plath, Christa.</subfield>
  </datafield>
  <datafield tag="700" ind1="1" ind2=" ">
    <subfield code="a">Bishop, Graham,</subfield>
    <subfield code="d">1949-</subfield>
  </datafield>
  <datafield tag="856" ind1="4" ind2="1">
    <subfield code="3">Table of contents</subfield>
    <subfield code="u">http://www.loc.gov/catdir/toc/fy033/2002501609.html</subfield>
  </datafield>
  <datafield tag="923" ind1=" " ind2=" ">
    <subfield code="d">20020819</subfield>
    <subfield code="n">0197425</subfield>
    <subfield code="s">93001286</subfield>
  </datafield>
  <datafield tag="985" ind1=" " ind2=" ">
    <subfield code="e">VENDOR LOAD</subfield>
  </datafield>
</record>