
<record>
  <leader>03628ckm a22005177a 4500</leader>
  <controlfield tag="001">12984369</controlfield>
  <controlfield tag="005">20200103093110.0</controlfield>
  <controlfield tag="007">kj co </controlfield>
  <controlfield tag="007">cr |||||||||||</controlfield>
  <controlfield tag="008">021029s1986    xxunnn            knspa  </controlfield>
  <datafield tag="906" ind1=" " ind2=" ">
    <subfield code="a">p</subfield>
    <subfield code="b">cbc</subfield>
    <subfield code="c">orignew</subfield>
    <subfield code="d">u</subfield>
    <subfield code="e">ncip</subfield>
    <subfield code="f">20</subfield>
    <subfield code="g">y-printpho</subfield>
  </datafield>
  <datafield tag="035" ind1=" " ind2=" ">
    <subfield code="a">(DLC)12984369</subfield>
  </datafield>
  <datafield tag="035" ind1=" " ind2=" ">
    <subfield code="a">(DLC)  2002722282</subfield>
  </datafield>
  <datafield tag="010" ind1=" " ind2=" ">
    <subfield code="a">  2002722282</subfield>
  </datafield>
  <datafield tag="037" ind1=" " ind2=" ">
    <subfield code="a">LC-DIG-ppmsca-02370</subfield>
    <subfield code="b">DLC</subfield>
    <subfield code="c">(digital file from original)</subfield>
  </datafield>
  <datafield tag="040" ind1=" " ind2=" ">
    <subfield code="a">DLC</subfield>
    <subfield code="c">DLC</subfield>
    <subfield code="e">gihc</subfield>
  </datafield>
  <datafield tag="050" ind1="0" ind2="0">
    <subfield code="a">Unprocessed in PR 13 CN 2006:006</subfield>
    <subfield code="b">no. 1586</subfield>
  </datafield>
  <datafield tag="100" ind1="1" ind2=" ">
    <subfield code="a">Sánchez, Juan,</subfield>
    <subfield code="d">1954-</subfield>
    <subfield code="e">artist.</subfield>
  </datafield>
  <datafield tag="245" ind1="1" ind2="3">
    <subfield code="a">La lucha continua</subfield>
    <subfield code="h">[graphic] /</subfield>
    <subfield code="c">Juan Sánchez &apos;86.</subfield>
  </datafield>
  <datafield tag="260" ind1=" " ind2=" ">
    <subfield code="c">[19]86.</subfield>
  </datafield>
  <datafield tag="300" ind1=" " ind2=" ">
    <subfield code="a">1 print :</subfield>
    <subfield code="b">lithograph and collage, color.</subfield>
  </datafield>
  <datafield tag="520" ind1="0" ind2=" ">
    <subfield code="a">Print and collage of image of devotional niche and text with embroidered halftone postcard showing St. Martin de Porres, a Dominican priest, standing outside a hospital ward with a dog, cat, and mouse at a plate at his feet. A portion of a photograph, pasted below the postcard, shows a young girl, &quot;La primera comunion de Abilgail, 1978&quot;, wearing her first communion dress on which hangs a crucifix, mirroring the image of the crucifix worn by the priest.</subfield>
  </datafield>
  <datafield tag="500" ind1=" " ind2=" ">
    <subfield code="a">Caption label from exhibit &quot;Creative Space&quot;--Seeds and Collaborations: By Brooklyn-born Puerto Rican artist Juan Sanchez, La Lucha Continua ( thestruggle continues) comes from a series of lithographs, published by the Exit Art Gallery. The Taíno Indian word &quot;Guariquén&quot; can be read as &quot;Look, come, and see&quot; and &quot;Rican/Struction&quot; is borrowed from Salsa percussionist Ray Baretto. Shown are a glimpse of a girl in her first communion dress and a devotional card of Saint Martín de Porre. The text reads: &quot;May we, the third world, first world brothers and sisters, be delivered from democracy&apos;s prisons. May our spirit ring true.&quot;</subfield>
  </datafield>
  <datafield tag="540" ind1=" " ind2=" ">
    <subfield code="a">Publication may be restricted. For general information see &quot;Copyright and Other Restrictions...,&quot;</subfield>
    <subfield code="u">http://www.loc.gov/rr/print/195_copr.html</subfield>
  </datafield>
  <datafield tag="500" ind1=" " ind2=" ">
    <subfield code="a">Title from item.</subfield>
  </datafield>
  <datafield tag="500" ind1=" " ind2=" ">
    <subfield code="a">From series: Guariquen, images and words Rican/structed.</subfield>
  </datafield>
  <datafield tag="500" ind1=" " ind2=" ">
    <subfield code="a">Signed and dated in pencil.</subfield>
  </datafield>
  <datafield tag="500" ind1=" " ind2=" ">
    <subfield code="a">Edition 6 of 25.</subfield>
  </datafield>
  <datafield tag="500" ind1=" " ind2=" ">
    <subfield code="a">Text of image: Chango y oshun / obatala y ogun / Yemaya, Eleque y oya / Confuego y espiritu la cucha continua.  May we, the third world, first world brothers and sisters be delivered from democracry&apos;s [sic] prisons.  Fuego y espirito / May our spirit ring true.</subfield>
  </datafield>
  <datafield tag="500" ind1=" " ind2=" ">
    <subfield code="a">Text invokes gods of Santeria religion.</subfield>
  </datafield>
  <datafield tag="510" ind1="4" ind2=" ">
    <subfield code="a">Collection of the printmaking workshop / compiled by Michael R. Chisolm, 2000,</subfield>
    <subfield code="c">no. 1586</subfield>
  </datafield>
  <datafield tag="585" ind1=" " ind2=" ">
    <subfield code="a">Exhibited: &quot;Creative Space : Fifty Years of Robert Blackburn&apos;s Printmaking Workshop&quot; at the International Print Center New York (IPCNY), 2002-2003; at the Glass Curtain Gallery, Columbia College of Art, Chicago, IL, January 31-March 25, 2005, and other venues thru July 2006.</subfield>
  </datafield>
  <datafield tag="600" ind1="1" ind2="0">
    <subfield code="a">Martín,</subfield>
    <subfield code="c">de Porres, Saint,</subfield>
    <subfield code="d">1579-1639.</subfield>
  </datafield>
  <datafield tag="650" ind1=" " ind2="4">
    <subfield code="a">Puerto Ricans</subfield>
    <subfield code="x">Spiritual life</subfield>
    <subfield code="y">1980-1990.</subfield>
  </datafield>
  <datafield tag="650" ind1=" " ind2="4">
    <subfield code="a">Santeria</subfield>
    <subfield code="y">1980-1990.</subfield>
  </datafield>
  <datafield tag="650" ind1=" " ind2="7">
    <subfield code="a">Rites &amp; ceremonies</subfield>
    <subfield code="y">1980-1990.</subfield>
    <subfield code="2">lctgm</subfield>
  </datafield>
  <datafield tag="650" ind1=" " ind2="7">
    <subfield code="a">Barbed wire</subfield>
    <subfield code="y">1980-1990.</subfield>
    <subfield code="2">lctgm</subfield>
  </datafield>
  <datafield tag="650" ind1=" " ind2="7">
    <subfield code="a">Crucifixes</subfield>
    <subfield code="y">1980-1990.</subfield>
    <subfield code="2">lctgm</subfield>
  </datafield>
  <datafield tag="650" ind1=" " ind2="7">
    <subfield code="a">Embroidery</subfield>
    <subfield code="y">1980-1990.</subfield>
    <subfield code="2">lctgm</subfield>
  </datafield>
  <datafield tag="655" ind1=" " ind2="7">
    <subfield code="a">Collages</subfield>
    <subfield code="x">Color</subfield>
    <subfield code="y">1980-1990.</subfield>
    <subfield code="2">gmgpc</subfield>
  </datafield>
  <datafield tag="655" ind1=" " ind2="7">
    <subfield code="a">Lithographs</subfield>
    <subfield code="x">Color</subfield>
    <subfield code="y">1980-1990.</subfield>
    <subfield code="2">gmgpc</subfield>
  </datafield>
  <datafield tag="852" ind1=" " ind2=" ">
    <subfield code="a">Library of Congress</subfield>
    <subfield code="b">Prints and Photographs Division</subfield>
    <subfield code="e">Washington, D.C. 20540 USA</subfield>
    <subfield code="n">dcu</subfield>
  </datafield>
  <datafield tag="856" ind1="4" ind2="1">
    <subfield code="3">digital file from original</subfield>
    <subfield code="d">ppmsca</subfield>
    <subfield code="f">02370</subfield>
    <subfield code="u">http://hdl.loc.gov/loc.pnp/ppmsca.02370</subfield>
  </datafield>
  <datafield tag="985" ind1=" " ind2=" ">
    <subfield code="a">pp/finepr</subfield>
  </datafield>
  <datafield tag="985" ind1=" " ind2=" ">
    <subfield code="a">pp/exh</subfield>
    <subfield code="e">L4413 #39</subfield>
  </datafield>
  <datafield tag="991" ind1=" " ind2=" ">
    <subfield code="b">c-P&amp;P</subfield>
    <subfield code="m">(D size)</subfield>
    <subfield code="v">obj.</subfield>
  </datafield>
</record>