
<record>
  <leader>02311ckm a22003857a 4500</leader>
  <controlfield tag="001">12984950</controlfield>
  <controlfield tag="005">20200103093238.0</controlfield>
  <controlfield tag="007">kj co </controlfield>
  <controlfield tag="007">cr |||||||||||</controlfield>
  <controlfield tag="008">021029s1960    xxunnn            kneng  </controlfield>
  <datafield tag="906" ind1=" " ind2=" ">
    <subfield code="a">p</subfield>
    <subfield code="b">cbc</subfield>
    <subfield code="c">orignew</subfield>
    <subfield code="d">u</subfield>
    <subfield code="e">ncip</subfield>
    <subfield code="f">20</subfield>
    <subfield code="g">y-printpho</subfield>
  </datafield>
  <datafield tag="035" ind1=" " ind2=" ">
    <subfield code="a">(DLC)12984950</subfield>
  </datafield>
  <datafield tag="035" ind1=" " ind2=" ">
    <subfield code="a">(DLC)  2002722287</subfield>
  </datafield>
  <datafield tag="010" ind1=" " ind2=" ">
    <subfield code="a">  2002722287</subfield>
  </datafield>
  <datafield tag="037" ind1=" " ind2=" ">
    <subfield code="a">LC-DIG-ppmsca-02377</subfield>
    <subfield code="b">DLC</subfield>
    <subfield code="c">(digital file from original)</subfield>
  </datafield>
  <datafield tag="040" ind1=" " ind2=" ">
    <subfield code="a">DLC</subfield>
    <subfield code="c">DLC</subfield>
    <subfield code="e">gihc</subfield>
  </datafield>
  <datafield tag="050" ind1="0" ind2="0">
    <subfield code="a">Unprocessed in PR 13 CN 2006:006</subfield>
    <subfield code="b">no. 203</subfield>
  </datafield>
  <datafield tag="100" ind1="1" ind2=" ">
    <subfield code="a">Blackburn, Robert Hamilton,</subfield>
    <subfield code="d">1920-</subfield>
    <subfield code="e">artist.</subfield>
  </datafield>
  <datafield tag="245" ind1="1" ind2="0">
    <subfield code="a">Faux pas</subfield>
    <subfield code="h">[graphic] /</subfield>
    <subfield code="c">Robert Blackburn 1960.</subfield>
  </datafield>
  <datafield tag="260" ind1=" " ind2=" ">
    <subfield code="c">1960.</subfield>
  </datafield>
  <datafield tag="300" ind1=" " ind2=" ">
    <subfield code="a">1 print :</subfield>
    <subfield code="b">lithograph, color.</subfield>
  </datafield>
  <datafield tag="520" ind1="0" ind2=" ">
    <subfield code="a">Abstract print.</subfield>
  </datafield>
  <datafield tag="500" ind1=" " ind2=" ">
    <subfield code="a">Caption label from exhibit &quot;Creative Space&quot;--A Graphics Explosion: In his lithograph Faux Pas, Robert Blackburn winks with reference to Robert Rauschenberg&apos;s Accident, the &quot;gaffe&quot; which would become such a key event in the history of contemporary printmaking. Through the middle of the image, a white stripe of paper breaks the image, alluding to the fragile nature of the limestone. Blackburn would continue to explore the broken stone concept with a suite of elegantly calligraphic works, including Curious Stone, that also recall his interest in Sumi ink drawing.</subfield>
  </datafield>
  <datafield tag="500" ind1=" " ind2=" ">
    <subfield code="a">Title from item.</subfield>
  </datafield>
  <datafield tag="500" ind1=" " ind2=" ">
    <subfield code="a">Signed and dated in pencil.</subfield>
  </datafield>
  <datafield tag="510" ind1="4" ind2=" ">
    <subfield code="a">Collection of the printmaking workshop / compiled by Michael R. Chisolm, 2000,</subfield>
    <subfield code="c">no. 203</subfield>
  </datafield>
  <datafield tag="540" ind1=" " ind2=" ">
    <subfield code="a">Publication may be restricted. For information see &quot;Robert Blackburn ...,&quot;</subfield>
    <subfield code="u">http://www.loc.gov/rr/print/res/410_blac.html</subfield>
  </datafield>
  <datafield tag="585" ind1=" " ind2=" ">
    <subfield code="a">Exhibited: &quot;Creative Space : Fifty Years of Robert Blackburn&apos;s Printmaking Workshop&quot; at the International Print Center New York (IPCNY), 2002-2003; at the Glass Curtain Gallery, Columbia College of Art, Chicago, IL, January 31-March 25, 2005, and other venues thru July 2006.</subfield>
  </datafield>
  <datafield tag="655" ind1=" " ind2="7">
    <subfield code="a">Abstract prints</subfield>
    <subfield code="x">Color</subfield>
    <subfield code="y">1960.</subfield>
    <subfield code="2">gmgpc</subfield>
  </datafield>
  <datafield tag="655" ind1=" " ind2="7">
    <subfield code="a">Lithographs</subfield>
    <subfield code="x">Color</subfield>
    <subfield code="y">1960.</subfield>
    <subfield code="2">gmgpc</subfield>
  </datafield>
  <datafield tag="852" ind1=" " ind2=" ">
    <subfield code="a">Library of Congress</subfield>
    <subfield code="b">Prints and Photographs Division</subfield>
    <subfield code="e">Washington, D.C. 20540 USA</subfield>
    <subfield code="n">dcu</subfield>
  </datafield>
  <datafield tag="856" ind1="4" ind2="1">
    <subfield code="3">digital file from original print</subfield>
    <subfield code="d">ppmsca</subfield>
    <subfield code="f">02377</subfield>
    <subfield code="q">p</subfield>
    <subfield code="u">http://hdl.loc.gov/loc.pnp/ppmsca.02377</subfield>
  </datafield>
  <datafield tag="985" ind1=" " ind2=" ">
    <subfield code="a">pp/finepr</subfield>
  </datafield>
  <datafield tag="985" ind1=" " ind2=" ">
    <subfield code="a">pp/exh</subfield>
    <subfield code="e">L4413 #18</subfield>
  </datafield>
  <datafield tag="991" ind1=" " ind2=" ">
    <subfield code="b">c-P&amp;P</subfield>
    <subfield code="m">(D size)</subfield>
    <subfield code="v">obj.</subfield>
  </datafield>
</record>