
<record>
  <leader>02552ckm a22004217a 4500</leader>
  <controlfield tag="001">12985374</controlfield>
  <controlfield tag="005">20200103093258.0</controlfield>
  <controlfield tag="007">kj co </controlfield>
  <controlfield tag="007">cr |||||||||||</controlfield>
  <controlfield tag="008">021029s1972    xxunnn            kneng  </controlfield>
  <datafield tag="906" ind1=" " ind2=" ">
    <subfield code="a">p</subfield>
    <subfield code="b">cbc</subfield>
    <subfield code="c">orignew</subfield>
    <subfield code="d">u</subfield>
    <subfield code="e">ncip</subfield>
    <subfield code="f">20</subfield>
    <subfield code="g">y-printpho</subfield>
  </datafield>
  <datafield tag="035" ind1=" " ind2=" ">
    <subfield code="a">(DLC)12985374</subfield>
  </datafield>
  <datafield tag="035" ind1=" " ind2=" ">
    <subfield code="a">(DLC)  2002722291</subfield>
  </datafield>
  <datafield tag="010" ind1=" " ind2=" ">
    <subfield code="a">  2002722291</subfield>
  </datafield>
  <datafield tag="037" ind1=" " ind2=" ">
    <subfield code="a">LC-DIG-ppmsca-02384</subfield>
    <subfield code="b">DLC</subfield>
    <subfield code="c">(digital file from original)</subfield>
  </datafield>
  <datafield tag="040" ind1=" " ind2=" ">
    <subfield code="a">DLC</subfield>
    <subfield code="c">DLC</subfield>
    <subfield code="e">gihc</subfield>
  </datafield>
  <datafield tag="050" ind1="0" ind2="0">
    <subfield code="a">Unprocessed in PR 13 CN 2006:006</subfield>
    <subfield code="b">no. 356</subfield>
  </datafield>
  <datafield tag="100" ind1="1" ind2=" ">
    <subfield code="a">Caraccio, Kathleen,</subfield>
    <subfield code="e">artist.</subfield>
  </datafield>
  <datafield tag="245" ind1="1" ind2="0">
    <subfield code="a">&quot;Sky door&quot;</subfield>
    <subfield code="h">[graphic] /</subfield>
    <subfield code="c">K. Caraccio &apos;72.</subfield>
  </datafield>
  <datafield tag="260" ind1=" " ind2=" ">
    <subfield code="c">[19]72.</subfield>
  </datafield>
  <datafield tag="300" ind1=" " ind2=" ">
    <subfield code="a">1 print :</subfield>
    <subfield code="b">intaglio, color.</subfield>
  </datafield>
  <datafield tag="520" ind1="0" ind2=" ">
    <subfield code="a">Abstract print.</subfield>
  </datafield>
  <datafield tag="500" ind1=" " ind2=" ">
    <subfield code="a">Caption label from exhibit &quot;Creative Space&quot;--Incorporation, Experimentation, and Outreach: Collage artist and master printer Kathy Caraccio opened her own thriving New York printing studio in 1977, where she has collaborated with such artists as Emma Amos, Robert Kipniss, Louise Nevelson, and Adam Pitt. Sky Door is the culmination of a plate which the artist recycled, re-cut, and re-etched, and created under the inspiration of artist Shiou-Ping Liao&apos;s work. Caraccio was particularly struck by his use of the combed aquatint technique, seen here in the textured red passages. The delicate colors in the sky area were made using a &quot;rainbow roll&quot; of ink to the plate.</subfield>
  </datafield>
  <datafield tag="540" ind1=" " ind2=" ">
    <subfield code="a">Publication may be restricted. For general information see &quot;Copyright and Other Restrictions...,&quot;</subfield>
    <subfield code="u">http://www.loc.gov/rr/print/195_copr.html</subfield>
  </datafield>
  <datafield tag="500" ind1=" " ind2=" ">
    <subfield code="a">Title from item.</subfield>
  </datafield>
  <datafield tag="500" ind1=" " ind2=" ">
    <subfield code="a">Signed and dated in pencil.</subfield>
  </datafield>
  <datafield tag="500" ind1=" " ind2=" ">
    <subfield code="a">Artist proof.</subfield>
  </datafield>
  <datafield tag="510" ind1="4" ind2=" ">
    <subfield code="a">Collection of the printmaking workshop / compiled by Michael R. Chisolm, 2000,</subfield>
    <subfield code="c">no. 356</subfield>
  </datafield>
  <datafield tag="585" ind1=" " ind2=" ">
    <subfield code="a">Exhibited: &quot;Creative Space : Fifty Years of Robert Blackburn&apos;s Printmaking Workshop&quot; at the International Print Center New York (IPCNY), 2002-2003; at the Glass Curtain Gallery, Columbia College of Art, Chicago, IL, January 31-March 25, 2005, and other venues thru July 2006.</subfield>
  </datafield>
  <datafield tag="650" ind1=" " ind2="7">
    <subfield code="a">Doors &amp; doorways</subfield>
    <subfield code="y">1970-1980.</subfield>
    <subfield code="2">lctgm</subfield>
  </datafield>
  <datafield tag="655" ind1=" " ind2="7">
    <subfield code="a">Abstract prints</subfield>
    <subfield code="x">Color</subfield>
    <subfield code="y">1970-1980.</subfield>
    <subfield code="2">gmgpc</subfield>
  </datafield>
  <datafield tag="655" ind1=" " ind2="7">
    <subfield code="a">Artists&apos; proofs</subfield>
    <subfield code="y">1970-1980.</subfield>
    <subfield code="2">gmgpc</subfield>
  </datafield>
  <datafield tag="655" ind1=" " ind2="7">
    <subfield code="a">Intaglio prints</subfield>
    <subfield code="x">Color</subfield>
    <subfield code="y">1970-1980.</subfield>
    <subfield code="2">gmgpc</subfield>
  </datafield>
  <datafield tag="852" ind1=" " ind2=" ">
    <subfield code="a">Library of Congress</subfield>
    <subfield code="b">Prints and Photographs Division</subfield>
    <subfield code="e">Washington, D.C. 20540 USA</subfield>
    <subfield code="n">dcu</subfield>
  </datafield>
  <datafield tag="856" ind1="4" ind2="1">
    <subfield code="3">digital file from original</subfield>
    <subfield code="d">ppmsca</subfield>
    <subfield code="f">02384</subfield>
    <subfield code="u">http://hdl.loc.gov/loc.pnp/ppmsca.02384</subfield>
  </datafield>
  <datafield tag="985" ind1=" " ind2=" ">
    <subfield code="a">pp/finepr</subfield>
  </datafield>
  <datafield tag="985" ind1=" " ind2=" ">
    <subfield code="a">pp/exh</subfield>
    <subfield code="e">L4413 #26</subfield>
  </datafield>
  <datafield tag="991" ind1=" " ind2=" ">
    <subfield code="b">c-P&amp;P</subfield>
    <subfield code="m">(B size)</subfield>
    <subfield code="v">obj.</subfield>
  </datafield>
</record>