
<record>
  <leader>02357ckm a22003977a 4500</leader>
  <controlfield tag="001">12985378</controlfield>
  <controlfield tag="005">20200103093317.0</controlfield>
  <controlfield tag="007">kj||||</controlfield>
  <controlfield tag="007">cr |||||||||||</controlfield>
  <controlfield tag="008">021029s1946    xx nnn            kneng  </controlfield>
  <datafield tag="906" ind1=" " ind2=" ">
    <subfield code="a">p</subfield>
    <subfield code="b">cbc</subfield>
    <subfield code="c">orignew</subfield>
    <subfield code="d">u</subfield>
    <subfield code="e">ncip</subfield>
    <subfield code="f">20</subfield>
    <subfield code="g">y-printpho</subfield>
  </datafield>
  <datafield tag="035" ind1=" " ind2=" ">
    <subfield code="a">(DLC)12985378</subfield>
  </datafield>
  <datafield tag="035" ind1=" " ind2=" ">
    <subfield code="a">(DLC)  2002721968</subfield>
  </datafield>
  <datafield tag="010" ind1=" " ind2=" ">
    <subfield code="a">  2002721968</subfield>
  </datafield>
  <datafield tag="037" ind1=" " ind2=" ">
    <subfield code="a">LC-DIG-ppmsca-02359</subfield>
    <subfield code="b">DLC</subfield>
    <subfield code="c">(digital file from original)</subfield>
  </datafield>
  <datafield tag="040" ind1=" " ind2=" ">
    <subfield code="a">DLC</subfield>
    <subfield code="c">DLC</subfield>
    <subfield code="e">gihc</subfield>
  </datafield>
  <datafield tag="050" ind1="0" ind2="0">
    <subfield code="a">Unprocessed in PR 13 CN 2006:006</subfield>
    <subfield code="b">no. 490</subfield>
  </datafield>
  <datafield tag="100" ind1="1" ind2=" ">
    <subfield code="a">DeCarava, Roy,</subfield>
    <subfield code="e">artist.</subfield>
  </datafield>
  <datafield tag="245" ind1="1" ind2="0">
    <subfield code="a">Pickets</subfield>
    <subfield code="h">[graphic] /</subfield>
    <subfield code="c">Roy DeCarava, &apos;46.</subfield>
  </datafield>
  <datafield tag="260" ind1=" " ind2=" ">
    <subfield code="c">[19]46.</subfield>
  </datafield>
  <datafield tag="300" ind1=" " ind2=" ">
    <subfield code="a">1 print :</subfield>
    <subfield code="b">serigraph.</subfield>
  </datafield>
  <datafield tag="520" ind1="0" ind2=" ">
    <subfield code="a">Two striking men walking in a picket line; at least one man is African American.</subfield>
  </datafield>
  <datafield tag="500" ind1=" " ind2=" ">
    <subfield code="a">Caption label from exhibit &quot;Creative Space&quot;--Milieu, The Harlem Community Art Center and the WPA: Master photographer Roy DeCarava studied at the Cooper Union School of Art in New York and the Harlem Community Art Center. He recalls: &quot;Now, the Harlem Art Center was a wonderful place. That&apos;s where I met all the young artists . . . Paul Robeson had an office there, and Langston Hughes was a familiar presence.&quot; During this period, Blackburn and DeCarava first met and shared artistic circles. It was also at this time that DeCarava joined the WPA, where he learned silkscreen printing. By the end of the 1940s he had stopped making prints to focus on photography.</subfield>
  </datafield>
  <datafield tag="540" ind1=" " ind2=" ">
    <subfield code="a">Publication may be restricted. For general information see &quot;Copyright and Other Restrictions...&quot; (http://lcweb.loc.gov/rr/print/195_copr.html)</subfield>
  </datafield>
  <datafield tag="500" ind1=" " ind2=" ">
    <subfield code="a">Title from item.</subfield>
  </datafield>
  <datafield tag="500" ind1=" " ind2=" ">
    <subfield code="a">Signed in pencil.</subfield>
  </datafield>
  <datafield tag="510" ind1="4" ind2=" ">
    <subfield code="a">Collection of the Printmaking Workshop / compiled by Michael R. Chisholm, 2000,</subfield>
    <subfield code="c">no. 490</subfield>
  </datafield>
  <datafield tag="585" ind1=" " ind2=" ">
    <subfield code="a">Exhibited: Creative Space : Fifty Years of Robert Blackburn&apos;s Printmaking Workshop, International Print Center New York (IPCNY), 2002-2003.</subfield>
  </datafield>
  <datafield tag="650" ind1=" " ind2="4">
    <subfield code="a">African-Americans</subfield>
    <subfield code="x">Employment</subfield>
    <subfield code="y">1940-1950.</subfield>
  </datafield>
  <datafield tag="650" ind1=" " ind2="7">
    <subfield code="a">Strikes</subfield>
    <subfield code="y">1940-1950.</subfield>
    <subfield code="2">lctgm</subfield>
  </datafield>
  <datafield tag="655" ind1=" " ind2="7">
    <subfield code="a">Screen prints</subfield>
    <subfield code="y">1940-1950.</subfield>
    <subfield code="2">gmgpc</subfield>
  </datafield>
  <datafield tag="852" ind1=" " ind2=" ">
    <subfield code="a">Library of Congress</subfield>
    <subfield code="b">Prints and Photographs Division</subfield>
    <subfield code="e">Washington, D.C. 20540 USA</subfield>
    <subfield code="n">dcu</subfield>
  </datafield>
  <datafield tag="856" ind1="4" ind2="1">
    <subfield code="3">digital file from original</subfield>
    <subfield code="d">ppmsca</subfield>
    <subfield code="f">02359</subfield>
    <subfield code="u">http://hdl.loc.gov/loc.pnp/ppmsca.02359</subfield>
  </datafield>
  <datafield tag="985" ind1=" " ind2=" ">
    <subfield code="a">pp/finepr</subfield>
  </datafield>
  <datafield tag="985" ind1=" " ind2=" ">
    <subfield code="a">pp/exh</subfield>
    <subfield code="e">L4413 #5</subfield>
  </datafield>
  <datafield tag="991" ind1=" " ind2=" ">
    <subfield code="b">c-P&amp;P</subfield>
    <subfield code="m">(B size)</subfield>
    <subfield code="v">obj.</subfield>
  </datafield>
</record>