
<record>
  <leader>02576ckm a22004217a 4500</leader>
  <controlfield tag="001">12986370</controlfield>
  <controlfield tag="005">20200103093434.0</controlfield>
  <controlfield tag="007">kj co </controlfield>
  <controlfield tag="007">cr |||||||||||</controlfield>
  <controlfield tag="008">021030s1986    xxunnn            kneng  </controlfield>
  <datafield tag="906" ind1=" " ind2=" ">
    <subfield code="a">p</subfield>
    <subfield code="b">cbc</subfield>
    <subfield code="c">orignew</subfield>
    <subfield code="d">u</subfield>
    <subfield code="e">ncip</subfield>
    <subfield code="f">20</subfield>
    <subfield code="g">y-printpho</subfield>
  </datafield>
  <datafield tag="035" ind1=" " ind2=" ">
    <subfield code="a">(DLC)12986370</subfield>
  </datafield>
  <datafield tag="035" ind1=" " ind2=" ">
    <subfield code="a">(DLC)  2002722296</subfield>
  </datafield>
  <datafield tag="010" ind1=" " ind2=" ">
    <subfield code="a">  2002722296</subfield>
  </datafield>
  <datafield tag="037" ind1=" " ind2=" ">
    <subfield code="a">LC-DIG-ppmsca-02396</subfield>
    <subfield code="b">DLC</subfield>
    <subfield code="c">(digital file from original)</subfield>
  </datafield>
  <datafield tag="040" ind1=" " ind2=" ">
    <subfield code="a">DLC</subfield>
    <subfield code="c">DLC</subfield>
    <subfield code="e">gihc</subfield>
  </datafield>
  <datafield tag="050" ind1="0" ind2="0">
    <subfield code="a">Unprocessed in PR 13 CN 2006:006</subfield>
    <subfield code="b">no. 105</subfield>
  </datafield>
  <datafield tag="100" ind1="1" ind2=" ">
    <subfield code="a">Biggers, John Thomas,</subfield>
    <subfield code="d">1924-2001,</subfield>
    <subfield code="e">artist.</subfield>
  </datafield>
  <datafield tag="245" ind1="1" ind2="0">
    <subfield code="a">Family of six</subfield>
    <subfield code="h">[graphic] /</subfield>
    <subfield code="c">John Biggers 1986.</subfield>
  </datafield>
  <datafield tag="260" ind1=" " ind2=" ">
    <subfield code="c">1986.</subfield>
  </datafield>
  <datafield tag="300" ind1=" " ind2=" ">
    <subfield code="a">1 print :</subfield>
    <subfield code="b">lithograph, color.</subfield>
  </datafield>
  <datafield tag="520" ind1="0" ind2=" ">
    <subfield code="a">Print shows African American family standing together with backs to viewer.</subfield>
  </datafield>
  <datafield tag="500" ind1=" " ind2=" ">
    <subfield code="a">Caption label from exhibit &quot;Creative Space&quot;--Seeds and Collaborations: John Biggers often drew inspiration from the art and culture of Africa and the American South. Born in North Carolina, he studied under Elizabeth Catlett and Charles White at Hampton University. In 1949, he founded the art department at Texas Southern University where he taught until 1983. In this work, the star-shaped string from mouth to mouth (also seen in his 1972 drawing Three Generations) can be read as the oral transmission of knowledge from person to person and across generations. Biggers called his use of dynamic, geometric shapes &quot;sacred geometry.&quot;</subfield>
  </datafield>
  <datafield tag="540" ind1=" " ind2=" ">
    <subfield code="a">Publication may be restricted. For general information see &quot;Copyright and Other Restrictions...,&quot;</subfield>
    <subfield code="u">http://www.loc.gov/rr/print/195_copr.html</subfield>
  </datafield>
  <datafield tag="500" ind1=" " ind2=" ">
    <subfield code="a">Title from item.</subfield>
  </datafield>
  <datafield tag="500" ind1=" " ind2=" ">
    <subfield code="a">Signed and dated in pencil.</subfield>
  </datafield>
  <datafield tag="500" ind1=" " ind2=" ">
    <subfield code="a">Workshop proof II.</subfield>
  </datafield>
  <datafield tag="510" ind1="4" ind2=" ">
    <subfield code="a">Collection of the printmaking workshop / compiled by Michael R. Chisolm, 2000,</subfield>
    <subfield code="c">no. 105</subfield>
  </datafield>
  <datafield tag="585" ind1=" " ind2=" ">
    <subfield code="a">Exhibited: &quot;Creative Space : Fifty Years of Robert Blackburn&apos;s Printmaking Workshop&quot; at the International Print Center New York (IPCNY), 2002-2003; at the Glass Curtain Gallery, Columbia College of Art, Chicago, IL, January 31-March 25, 2005, and other venues thru July 2006.</subfield>
  </datafield>
  <datafield tag="650" ind1=" " ind2="4">
    <subfield code="a">African Americans</subfield>
    <subfield code="y">1980-1990.</subfield>
  </datafield>
  <datafield tag="650" ind1=" " ind2="7">
    <subfield code="a">Families</subfield>
    <subfield code="y">1980-1990.</subfield>
    <subfield code="2">lctgm</subfield>
  </datafield>
  <datafield tag="655" ind1=" " ind2="7">
    <subfield code="a">Proofs</subfield>
    <subfield code="x">Color</subfield>
    <subfield code="y">1980-1990.</subfield>
    <subfield code="2">gmgpc</subfield>
  </datafield>
  <datafield tag="655" ind1=" " ind2="7">
    <subfield code="a">Lithographs</subfield>
    <subfield code="x">Color</subfield>
    <subfield code="y">1980-1990.</subfield>
    <subfield code="2">gmgpc</subfield>
  </datafield>
  <datafield tag="852" ind1=" " ind2=" ">
    <subfield code="a">Library of Congress</subfield>
    <subfield code="b">Prints and Photographs Division</subfield>
    <subfield code="e">Washington, D.C. 20540 USA</subfield>
    <subfield code="n">dcu</subfield>
  </datafield>
  <datafield tag="856" ind1="4" ind2="1">
    <subfield code="3">digital file from original</subfield>
    <subfield code="d">ppmsca</subfield>
    <subfield code="f">02396</subfield>
    <subfield code="u">http://hdl.loc.gov/loc.pnp/ppmsca.02396</subfield>
  </datafield>
  <datafield tag="985" ind1=" " ind2=" ">
    <subfield code="a">pp/finepr</subfield>
  </datafield>
  <datafield tag="985" ind1=" " ind2=" ">
    <subfield code="a">pp/exh</subfield>
    <subfield code="e">L4413 #38</subfield>
  </datafield>
  <datafield tag="991" ind1=" " ind2=" ">
    <subfield code="b">c-P&amp;P</subfield>
    <subfield code="m">(E size)</subfield>
    <subfield code="v">obj.</subfield>
  </datafield>
</record>