
<record>
  <leader>02500cjm a22005411a 4500</leader>
  <controlfield tag="001">12992991</controlfield>
  <controlfield tag="005">20200103150300.0</controlfield>
  <controlfield tag="007">sd fsngnnmmned</controlfield>
  <controlfield tag="008">021105p20011998lausnn   efi            d</controlfield>
  <datafield tag="906" ind1=" " ind2=" ">
    <subfield code="a">7</subfield>
    <subfield code="b">cbc</subfield>
    <subfield code="c">copycat</subfield>
    <subfield code="d">3</subfield>
    <subfield code="e">ncip</subfield>
    <subfield code="f">20</subfield>
    <subfield code="g">y-genmusic</subfield>
  </datafield>
  <datafield tag="925" ind1="0" ind2=" ">
    <subfield code="a">acquire</subfield>
    <subfield code="b">2 copies</subfield>
    <subfield code="x">policy default</subfield>
  </datafield>
  <datafield tag="955" ind1=" " ind2=" ">
    <subfield code="a">vn23 2002-11-05 to MBRS/RS</subfield>
    <subfield code="e">vn23 2002-11-07 copy 2 to MBRS/RS</subfield>
  </datafield>
  <datafield tag="010" ind1=" " ind2=" ">
    <subfield code="a">  2002591771</subfield>
  </datafield>
  <datafield tag="024" ind1="1" ind2=" ">
    <subfield code="a">044747247922</subfield>
  </datafield>
  <datafield tag="028" ind1="0" ind2="2">
    <subfield code="a">CRC 2479</subfield>
    <subfield code="b">Centaur</subfield>
  </datafield>
  <datafield tag="035" ind1=" " ind2=" ">
    <subfield code="a">(DLC)   2002591771</subfield>
  </datafield>
  <datafield tag="035" ind1=" " ind2=" ">
    <subfield code="a">(OCoLC)ocm50572300</subfield>
  </datafield>
  <datafield tag="040" ind1=" " ind2=" ">
    <subfield code="a">CIN</subfield>
    <subfield code="c">CIN</subfield>
    <subfield code="d">BGU</subfield>
    <subfield code="d">DLC</subfield>
  </datafield>
  <datafield tag="041" ind1="0" ind2=" ">
    <subfield code="g">eng</subfield>
  </datafield>
  <datafield tag="042" ind1=" " ind2=" ">
    <subfield code="a">lcderive</subfield>
  </datafield>
  <datafield tag="050" ind1="0" ind2="0">
    <subfield code="a">SDA 56665</subfield>
  </datafield>
  <datafield tag="100" ind1="1" ind2=" ">
    <subfield code="a">Milhaud, Darius,</subfield>
    <subfield code="d">1892-1974.</subfield>
  </datafield>
  <datafield tag="240" ind1="1" ind2="0">
    <subfield code="a">Chamber music.</subfield>
    <subfield code="k">Selections</subfield>
  </datafield>
  <datafield tag="245" ind1="1" ind2="0">
    <subfield code="a">Viola works</subfield>
    <subfield code="h">[sound recording] /</subfield>
    <subfield code="c">Darius Milhaud.</subfield>
  </datafield>
  <datafield tag="260" ind1=" " ind2=" ">
    <subfield code="a">[Baton Rouge, La.] :</subfield>
    <subfield code="b">Centaur,</subfield>
    <subfield code="c">p2001.</subfield>
  </datafield>
  <datafield tag="300" ind1=" " ind2=" ">
    <subfield code="a">1 sound disc (51 min.) :</subfield>
    <subfield code="b">digital ;</subfield>
    <subfield code="c">4 3/4 in.</subfield>
  </datafield>
  <datafield tag="306" ind1=" " ind2=" ">
    <subfield code="a">001313</subfield>
    <subfield code="a">001245</subfield>
    <subfield code="a">001002</subfield>
    <subfield code="a">000322</subfield>
    <subfield code="a">001116</subfield>
  </datafield>
  <datafield tag="511" ind1="0" ind2=" ">
    <subfield code="a">Kenneth Martinson, viola ; Christopher Taylor, piano ; Nicholas Kitchen, violin ; Frank Epstein, timpani ; Craig McNutt, Robert Schulz, percussion.</subfield>
  </datafield>
  <datafield tag="518" ind1=" " ind2=" ">
    <subfield code="a">Recorded Nov. 29, 1998, Jan. 10, 1999, and Jan. 7, 2000, Jordan Hall, New England Conservatory, Boston, Mass.</subfield>
  </datafield>
  <datafield tag="500" ind1=" " ind2=" ">
    <subfield code="a">Compact disc.</subfield>
  </datafield>
  <datafield tag="500" ind1=" " ind2=" ">
    <subfield code="a">Program notes in English (7 p.) in container.</subfield>
  </datafield>
  <datafield tag="505" ind1="0" ind2=" ">
    <subfield code="a">Sonata no. 1 for viola and piano, op. 240, 1944 (13:13) -- Sonata no. 2 for viola and piano, op. 244, 1944 (12:45) -- Quatre visage : for viola and piano, op. 238, 1943 (10:02) -- Elégie pour Pierre : for viola, timpani and 2 percussionists, op. 416, 1965 (3:22) -- Sonatine for violin and viola, op. 226, 1941 (11:16).</subfield>
  </datafield>
  <datafield tag="650" ind1=" " ind2="0">
    <subfield code="a">Sonatas (Viola and piano)</subfield>
  </datafield>
  <datafield tag="650" ind1=" " ind2="0">
    <subfield code="a">Viola and piano music.</subfield>
  </datafield>
  <datafield tag="650" ind1=" " ind2="0">
    <subfield code="a">Quartets (Percussion, viola)</subfield>
  </datafield>
  <datafield tag="650" ind1=" " ind2="0">
    <subfield code="a">Violin and viola music.</subfield>
  </datafield>
  <datafield tag="700" ind1="1" ind2=" ">
    <subfield code="a">Martinson, Kenneth.</subfield>
    <subfield code="4">prf</subfield>
  </datafield>
  <datafield tag="700" ind1="1" ind2=" ">
    <subfield code="a">Taylor, Christopher,</subfield>
    <subfield code="d">1970-</subfield>
    <subfield code="4">prf</subfield>
  </datafield>
  <datafield tag="700" ind1="1" ind2=" ">
    <subfield code="a">Kitchen, Nicholas.</subfield>
    <subfield code="4">prf</subfield>
  </datafield>
  <datafield tag="700" ind1="1" ind2=" ">
    <subfield code="a">Epstein, Frank.</subfield>
    <subfield code="4">prf</subfield>
  </datafield>
  <datafield tag="700" ind1="1" ind2=" ">
    <subfield code="a">McNutt, Craig.</subfield>
    <subfield code="4">prf</subfield>
  </datafield>
  <datafield tag="700" ind1="1" ind2=" ">
    <subfield code="a">Schulz, Robert</subfield>
    <subfield code="c">(Percussionist)</subfield>
    <subfield code="4">prf</subfield>
  </datafield>
  <datafield tag="700" ind1="1" ind2="2">
    <subfield code="a">Milhaud, Darius,</subfield>
    <subfield code="d">1892-1974.</subfield>
    <subfield code="t">Sonatas,</subfield>
    <subfield code="m">viola, piano,</subfield>
    <subfield code="n">no. 1, op. 240.</subfield>
  </datafield>
  <datafield tag="700" ind1="1" ind2="2">
    <subfield code="a">Milhaud, Darius,</subfield>
    <subfield code="d">1892-1974.</subfield>
    <subfield code="t">Sonatas,</subfield>
    <subfield code="m">viola, piano,</subfield>
    <subfield code="n">no. 2, op. 244.</subfield>
  </datafield>
  <datafield tag="700" ind1="1" ind2="2">
    <subfield code="a">Milhaud, Darius,</subfield>
    <subfield code="d">1892-1974.</subfield>
    <subfield code="t">Visages.</subfield>
  </datafield>
  <datafield tag="700" ind1="1" ind2="2">
    <subfield code="a">Milhaud, Darius,</subfield>
    <subfield code="d">1892-1974.</subfield>
    <subfield code="t">Élégie pour Pierre.</subfield>
  </datafield>
  <datafield tag="700" ind1="1" ind2="2">
    <subfield code="a">Milhaud, Darius,</subfield>
    <subfield code="d">1892-1974.</subfield>
    <subfield code="t">Sonatinas,</subfield>
    <subfield code="m">violin, viola,</subfield>
    <subfield code="n">op. 226.</subfield>
  </datafield>
  <datafield tag="985" ind1=" " ind2=" ">
    <subfield code="c">OCLC</subfield>
    <subfield code="e">srreplace 2003-07</subfield>
  </datafield>
</record>