
<record>
  <leader>01653cam a2200337 a 4500</leader>
  <controlfield tag="001">13071545</controlfield>
  <controlfield tag="005">20200103120437.0</controlfield>
  <controlfield tag="008">030128s2003    cauab  c b    001 0 eng  </controlfield>
  <datafield tag="906" ind1=" " ind2=" ">
    <subfield code="a">7</subfield>
    <subfield code="b">cbc</subfield>
    <subfield code="c">orignew</subfield>
    <subfield code="d">1</subfield>
    <subfield code="e">ecip</subfield>
    <subfield code="f">20</subfield>
    <subfield code="g">y-gencatlg</subfield>
  </datafield>
  <datafield tag="925" ind1="0" ind2=" ">
    <subfield code="a">acquire</subfield>
    <subfield code="b">1 shelf copy</subfield>
    <subfield code="x">policy default</subfield>
  </datafield>
  <datafield tag="955" ind1=" " ind2=" ">
    <subfield code="a">lh02 2003-01-28</subfield>
    <subfield code="c">lh02 2003-01-28 to subj.</subfield>
    <subfield code="d">lk03 2003-01-28 to shelflisting</subfield>
    <subfield code="e">lk53 2003-01-29 to Children&apos;s Lit.</subfield>
    <subfield code="a">lb00 2003-01-30</subfield>
    <subfield code="d">lb18 2003-02-14</subfield>
    <subfield code="a">aa08 2003-02-15</subfield>
    <subfield code="a">ps04 2004-01-21 1 copy rec&apos;d., to CIP ver.</subfield>
    <subfield code="f">lk13 2004-01-30</subfield>
    <subfield code="g">lk13 2004-01-30 To BCCD</subfield>
  </datafield>
  <datafield tag="010" ind1=" " ind2=" ">
    <subfield code="a">  2003001776</subfield>
  </datafield>
  <datafield tag="020" ind1=" " ind2=" ">
    <subfield code="a">1590183649 (alk. paper)</subfield>
  </datafield>
  <datafield tag="040" ind1=" " ind2=" ">
    <subfield code="a">DLC</subfield>
    <subfield code="c">DLC</subfield>
    <subfield code="d">DLC</subfield>
  </datafield>
  <datafield tag="042" ind1=" " ind2=" ">
    <subfield code="a">lcac</subfield>
  </datafield>
  <datafield tag="043" ind1=" " ind2=" ">
    <subfield code="a">fc-----</subfield>
    <subfield code="a">fw-----</subfield>
  </datafield>
  <datafield tag="050" ind1="0" ind2="0">
    <subfield code="a">DT639</subfield>
    <subfield code="b">.B325 2003</subfield>
  </datafield>
  <datafield tag="082" ind1="0" ind2="0">
    <subfield code="a">967.51</subfield>
    <subfield code="2">21</subfield>
  </datafield>
  <datafield tag="100" ind1="1" ind2=" ">
    <subfield code="a">Barter, James,</subfield>
    <subfield code="d">1946-</subfield>
  </datafield>
  <datafield tag="245" ind1="1" ind2="4">
    <subfield code="a">The Congo /</subfield>
    <subfield code="c">James Barter.</subfield>
  </datafield>
  <datafield tag="260" ind1=" " ind2=" ">
    <subfield code="a">San Diego :</subfield>
    <subfield code="b">Lucent Books,</subfield>
    <subfield code="c">c2003.</subfield>
  </datafield>
  <datafield tag="300" ind1=" " ind2=" ">
    <subfield code="a">112 p. :</subfield>
    <subfield code="b">ill., maps ;</subfield>
    <subfield code="c">24 cm.</subfield>
  </datafield>
  <datafield tag="490" ind1="1" ind2=" ">
    <subfield code="a">Rivers of the world</subfield>
  </datafield>
  <datafield tag="520" ind1=" " ind2=" ">
    <subfield code="a">Describes the Congo River from ancient times to the present, and discusses what must be done to protect and preserve this river and the surrounding region.</subfield>
  </datafield>
  <datafield tag="504" ind1=" " ind2=" ">
    <subfield code="a">Includes bibliographical references (p. 101-106) and index.</subfield>
  </datafield>
  <datafield tag="505" ind1="0" ind2=" ">
    <subfield code="a">Introduction : The forgotten river -- The river that swallows all rivers -- The early Congo --The scramble for Africa -- A river of untapped potential -- Untapped natural resources -- Epilogue : Engaging the Congo.</subfield>
  </datafield>
  <datafield tag="651" ind1=" " ind2="0">
    <subfield code="a">Congo River</subfield>
    <subfield code="x">History</subfield>
    <subfield code="v">Juvenile literature.</subfield>
  </datafield>
  <datafield tag="651" ind1=" " ind2="0">
    <subfield code="a">Congo River Valley</subfield>
    <subfield code="x">History</subfield>
    <subfield code="v">Juvenile literature.</subfield>
  </datafield>
  <datafield tag="651" ind1=" " ind2="1">
    <subfield code="a">Congo River.</subfield>
  </datafield>
  <datafield tag="651" ind1=" " ind2="1">
    <subfield code="a">Congo River Valley.</subfield>
  </datafield>
  <datafield tag="830" ind1=" " ind2="0">
    <subfield code="a">Rivers of the world (Lucent Books)</subfield>
  </datafield>
</record>