
<record>
  <leader>04101cam a22006017i 4500</leader>
  <controlfield tag="001">13443185</controlfield>
  <controlfield tag="005">20200103120452.0</controlfield>
  <controlfield tag="008">031223t20152015nyua     b    000 0deng c</controlfield>
  <datafield tag="906" ind1=" " ind2=" ">
    <subfield code="a">7</subfield>
    <subfield code="b">cbc</subfield>
    <subfield code="c">copycat</subfield>
    <subfield code="d">2</subfield>
    <subfield code="e">epcn</subfield>
    <subfield code="f">20</subfield>
    <subfield code="g">y-gencatlg</subfield>
  </datafield>
  <datafield tag="925" ind1="0" ind2=" ">
    <subfield code="a">acquire</subfield>
    <subfield code="b">1 shelf copy</subfield>
    <subfield code="x">policy default</subfield>
  </datafield>
  <datafield tag="925" ind1="1" ind2=" ">
    <subfield code="a">acquire</subfield>
    <subfield code="b">1 shelf copies</subfield>
    <subfield code="x">policy default</subfield>
  </datafield>
  <datafield tag="955" ind1=" " ind2=" ">
    <subfield code="a">jx17 2005-08-23 z-processor</subfield>
    <subfield code="i">jx12 2005-09-27</subfield>
    <subfield code="e">jx12 2005-09-27 to Dewey</subfield>
    <subfield code="a">aa07 2005-10-11</subfield>
    <subfield code="a">ja15 2006-02-08 Copy 2 to BCCD</subfield>
  </datafield>
  <datafield tag="955" ind1=" " ind2=" ">
    <subfield code="a">jx17 2005-08-23 z-processor</subfield>
    <subfield code="i">jx12 2005-09-27</subfield>
    <subfield code="e">jx12 2005-09-27 to Dewey</subfield>
    <subfield code="a">aa07 2005-10-11</subfield>
    <subfield code="a">ja15 2006-02-08 Copy 2 to BCCD</subfield>
  </datafield>
  <datafield tag="010" ind1=" " ind2=" ">
    <subfield code="a">  2003116950</subfield>
  </datafield>
  <datafield tag="020" ind1=" " ind2=" ">
    <subfield code="a">1931788340</subfield>
    <subfield code="q">(hbk.)</subfield>
  </datafield>
  <datafield tag="020" ind1=" " ind2=" ">
    <subfield code="a">9781931788342</subfield>
    <subfield code="q">(hbk.)</subfield>
  </datafield>
  <datafield tag="020" ind1=" " ind2=" ">
    <subfield code="a">1597113034</subfield>
  </datafield>
  <datafield tag="020" ind1=" " ind2=" ">
    <subfield code="a">9781597113038</subfield>
  </datafield>
  <datafield tag="035" ind1=" " ind2=" ">
    <subfield code="a">(OCoLC)ocn902675654</subfield>
  </datafield>
  <datafield tag="040" ind1=" " ind2=" ">
    <subfield code="a">RRR</subfield>
    <subfield code="b">eng</subfield>
    <subfield code="c">RRR</subfield>
    <subfield code="e">rda</subfield>
    <subfield code="d">CDX</subfield>
    <subfield code="d">OSU</subfield>
    <subfield code="d">YDXCP</subfield>
    <subfield code="d">BTCTA</subfield>
    <subfield code="d">NGA</subfield>
    <subfield code="d">VZQ</subfield>
    <subfield code="d">UAB</subfield>
    <subfield code="d">OCLCF</subfield>
    <subfield code="d">ZLM</subfield>
    <subfield code="d">PUL</subfield>
    <subfield code="d">NYP</subfield>
    <subfield code="d">S3O</subfield>
    <subfield code="d">OCL</subfield>
    <subfield code="d">DLC</subfield>
  </datafield>
  <datafield tag="043" ind1=" " ind2=" ">
    <subfield code="a">n-us---</subfield>
  </datafield>
  <datafield tag="050" ind1="0" ind2="0">
    <subfield code="a">TR654</subfield>
    <subfield code="b">.S52227 2015</subfield>
  </datafield>
  <datafield tag="100" ind1="1" ind2=" ">
    <subfield code="a">Shore, Stephen,</subfield>
    <subfield code="d">1947-</subfield>
    <subfield code="e">author.</subfield>
  </datafield>
  <datafield tag="245" ind1="1" ind2="0">
    <subfield code="a">Uncommon places :</subfield>
    <subfield code="b">the complete works /</subfield>
    <subfield code="c">Stephen Shore ; essay by Stephan Schmidt-Wulffen ; conversation with Lynne Tillman.</subfield>
  </datafield>
  <datafield tag="246" ind1="3" ind2=" ">
    <subfield code="a">Stephen Shore, uncommon places</subfield>
  </datafield>
  <datafield tag="250" ind1=" " ind2=" ">
    <subfield code="a">Second edition.</subfield>
  </datafield>
  <datafield tag="264" ind1=" " ind2="1">
    <subfield code="a">New York, NY :</subfield>
    <subfield code="b">Aperture,</subfield>
    <subfield code="c">2015.</subfield>
  </datafield>
  <datafield tag="264" ind1=" " ind2="4">
    <subfield code="c">©2015</subfield>
  </datafield>
  <datafield tag="300" ind1=" " ind2=" ">
    <subfield code="a">207 pages :</subfield>
    <subfield code="b">chiefly color illustrations ;</subfield>
    <subfield code="c">27 x 34 cm</subfield>
  </datafield>
  <datafield tag="336" ind1=" " ind2=" ">
    <subfield code="a">text</subfield>
    <subfield code="b">txt</subfield>
    <subfield code="2">rdacontent</subfield>
  </datafield>
  <datafield tag="337" ind1=" " ind2=" ">
    <subfield code="a">unmediated</subfield>
    <subfield code="b">n</subfield>
    <subfield code="2">rdamedia</subfield>
  </datafield>
  <datafield tag="338" ind1=" " ind2=" ">
    <subfield code="a">volume</subfield>
    <subfield code="b">nc</subfield>
    <subfield code="2">rdacarrier</subfield>
  </datafield>
  <datafield tag="504" ind1=" " ind2=" ">
    <subfield code="a">Includes bibliographical references (pages 205-207).</subfield>
  </datafield>
  <datafield tag="505" ind1="0" ind2=" ">
    <subfield code="a">Artists note, &quot;an uncommon cornucopia&quot; -- Stephen Shore&apos;s uncommon places / Stephan Schmidt-Wulffen -- Plates -- Stephan Shore in conversation with Lynne Tillman -- Biographical notes.</subfield>
  </datafield>
  <datafield tag="520" ind1=" " ind2=" ">
    <subfield code="a">&quot;Originally published in 1982, Stephen Shore&apos;s legendary Uncommon Places has influenced more than a generation of photographers. Shore was among the first artists to take color beyond the domain of advertising and fashion photography, and his large-format color work on the American vernacular landscape stands at the root of what has become a vital photographic tradition over the past forty years. Uncommon Places: The Complete Works, published by Aperture in 2004, presents a definitive collection of the landmark series, and in the span of a decade, has become a contemporary classic. Now, for this lushly produced reissue, the artist has added twenty rediscovered images and a statement explaining what it means to expand a series now many decades old. Like Robert Frank and Walker Evans before him, Shore discovered a hitherto unarticulated vision of America via highway and camera. Approaching his subjects with cool objectivity, Shore in these images retains precise internal systems of gestures in composition and light, through which a parking lot emptied of people, a hotel bedroom, or a building on a side street assumes both an archetypal aura and an ambiguously personal importance. In contrast to his signature landscapes with which Uncommon Places is often associated, this expanded survey reveals equally remarkable collections of interiors and portraits.&quot; -- Publisher&apos;s description.</subfield>
  </datafield>
  <datafield tag="600" ind1="1" ind2="0">
    <subfield code="a">Shore, Stephen,</subfield>
    <subfield code="d">1947-</subfield>
    <subfield code="v">Interviews.</subfield>
  </datafield>
  <datafield tag="600" ind1="1" ind2="0">
    <subfield code="a">Shore, Stephen,</subfield>
    <subfield code="d">1947-</subfield>
  </datafield>
  <datafield tag="650" ind1=" " ind2="0">
    <subfield code="a">Photography, Artistic</subfield>
    <subfield code="v">Pictorial works.</subfield>
  </datafield>
  <datafield tag="600" ind1="1" ind2="4">
    <subfield code="a">Shore, Stephen,</subfield>
    <subfield code="d">1947-</subfield>
  </datafield>
  <datafield tag="651" ind1=" " ind2="4">
    <subfield code="a">Förenta staterna.</subfield>
  </datafield>
  <datafield tag="600" ind1="1" ind2="7">
    <subfield code="a">Shore, Stephen,</subfield>
    <subfield code="d">1947-</subfield>
    <subfield code="2">fast</subfield>
    <subfield code="0">(OCoLC)fst00085232</subfield>
  </datafield>
  <datafield tag="650" ind1=" " ind2="7">
    <subfield code="a">Photography, Artistic.</subfield>
    <subfield code="2">fast</subfield>
    <subfield code="0">(OCoLC)fst01061964</subfield>
  </datafield>
  <datafield tag="655" ind1=" " ind2="7">
    <subfield code="a">Interviews</subfield>
    <subfield code="2">fast</subfield>
    <subfield code="0">(OCoLC)fst01423832</subfield>
  </datafield>
  <datafield tag="655" ind1=" " ind2="7">
    <subfield code="a">Pictorial works.</subfield>
    <subfield code="2">fast</subfield>
    <subfield code="0">(OCoLC)fst01423874</subfield>
  </datafield>
  <datafield tag="650" ind1="1" ind2="7">
    <subfield code="a">Foto&apos;s.</subfield>
    <subfield code="2">gtt</subfield>
  </datafield>
  <datafield tag="650" ind1=" " ind2="7">
    <subfield code="a">Fotografi.</subfield>
    <subfield code="2">sao</subfield>
  </datafield>
  <datafield tag="650" ind1=" " ind2="7">
    <subfield code="a">Fotokonst.</subfield>
    <subfield code="2">sao</subfield>
  </datafield>
  <datafield tag="650" ind1=" " ind2="7">
    <subfield code="a">Fotografer.</subfield>
    <subfield code="2">sao</subfield>
  </datafield>
  <datafield tag="648" ind1=" " ind2="7">
    <subfield code="a">1970-talet</subfield>
    <subfield code="2">sao</subfield>
  </datafield>
  <datafield tag="700" ind1="1" ind2=" ">
    <subfield code="a">Schmidt-Wulffen, Stephan,</subfield>
    <subfield code="e">contributor.</subfield>
  </datafield>
  <datafield tag="700" ind1="1" ind2=" ">
    <subfield code="a">Tillman, Lynne,</subfield>
    <subfield code="e">contributor.</subfield>
  </datafield>
  <datafield tag="856" ind1="4" ind2="2">
    <subfield code="3">Contributor biographical information</subfield>
    <subfield code="u">http://catdir.loc.gov/catdir/enhancements/fy0615/2003116950-b.html</subfield>
  </datafield>
  <datafield tag="856" ind1="4" ind2="2">
    <subfield code="3">Publisher description</subfield>
    <subfield code="u">http://catdir.loc.gov/catdir/enhancements/fy0615/2003116950-d.html</subfield>
  </datafield>
</record>