
<record>
  <leader>02190cam a2200397 a 4500</leader>
  <controlfield tag="001">13462868</controlfield>
  <controlfield tag="005">20200103153020.0</controlfield>
  <controlfield tag="007">cr |||||||||||</controlfield>
  <controlfield tag="008">040120m17301731fr abe        001 0 fre  </controlfield>
  <datafield tag="906" ind1=" " ind2=" ">
    <subfield code="a">7</subfield>
    <subfield code="b">cbc</subfield>
    <subfield code="c">orignew</subfield>
    <subfield code="d">2</subfield>
    <subfield code="e">ncip</subfield>
    <subfield code="f">20</subfield>
    <subfield code="g">y-genrareb</subfield>
  </datafield>
  <datafield tag="955" ind1=" " ind2=" ">
    <subfield code="a">vj15 2004-01-20</subfield>
    <subfield code="i">vj15 2004-01-20</subfield>
    <subfield code="e">vj16 2004-02-27</subfield>
  </datafield>
  <datafield tag="010" ind1=" " ind2=" ">
    <subfield code="a">  2004563452</subfield>
  </datafield>
  <datafield tag="040" ind1=" " ind2=" ">
    <subfield code="a">DLC</subfield>
    <subfield code="c">DLC</subfield>
    <subfield code="e">dcrb</subfield>
  </datafield>
  <datafield tag="043" ind1=" " ind2=" ">
    <subfield code="a">nwht---</subfield>
  </datafield>
  <datafield tag="050" ind1="0" ind2="0">
    <subfield code="a">Thacher A668</subfield>
  </datafield>
  <datafield tag="050" ind1="1" ind2="0">
    <subfield code="a">F1911</subfield>
    <subfield code="b">.C46 1730</subfield>
  </datafield>
  <datafield tag="100" ind1="1" ind2=" ">
    <subfield code="a">Charlevoix, Pierre-François-Xavier de,</subfield>
    <subfield code="d">1682-1761.</subfield>
  </datafield>
  <datafield tag="242" ind1="1" ind2="0">
    <subfield code="a">History of the Spanish Island or of S. Domingue :</subfield>
    <subfield code="b">written especially from the manuscript memoirs of Fr. Jean-Baptiste le Pers, Jesuit, missionary to Saint Domingue, &amp; from original documentary fragments conserved at the Naval Depot</subfield>
    <subfield code="y">eng</subfield>
  </datafield>
  <datafield tag="245" ind1="1" ind2="0">
    <subfield code="a">Histoire de l&apos;Isle espagnole ou de S. Domingue :</subfield>
    <subfield code="b">ecrite particulierement sur des memoires manuscrits du p. Jean-Baptiste le Pers, jesuite, missionnaire à Saint Domingue, &amp; sur les pieces originales, qui se conservent au Dépôt de la marine /</subfield>
    <subfield code="c">par le p. Pierre-François-Xavier de Charlevoix ...</subfield>
  </datafield>
  <datafield tag="260" ind1=" " ind2=" ">
    <subfield code="a">A Paris :</subfield>
    <subfield code="b">Chez Hippolyte-Louis Guerin,</subfield>
    <subfield code="c">1730-1731.</subfield>
  </datafield>
  <datafield tag="300" ind1=" " ind2=" ">
    <subfield code="a">2 v. :</subfield>
    <subfield code="b">ill., maps, plans ;</subfield>
    <subfield code="c">26 cm. (4to)</subfield>
  </datafield>
  <datafield tag="500" ind1=" " ind2=" ">
    <subfield code="a">Vol. 1: xxviii, 482, [58] p., [5] folded leaves of plates; v. 2: xiv, 506, [60] p., [9] leaves of plates (some folded).</subfield>
  </datafield>
  <datafield tag="510" ind1="4" ind2=" ">
    <subfield code="a">Thacher,</subfield>
    <subfield code="c">II, p. 8 (Americana)</subfield>
  </datafield>
  <datafield tag="500" ind1=" " ind2=" ">
    <subfield code="a">Includes indexes.</subfield>
  </datafield>
  <datafield tag="530" ind1=" " ind2=" ">
    <subfield code="a">Also available in digital form on the Library of Congress Web site.</subfield>
  </datafield>
  <datafield tag="651" ind1=" " ind2="0">
    <subfield code="a">Haiti</subfield>
    <subfield code="x">History</subfield>
    <subfield code="y">To 1791.</subfield>
  </datafield>
  <datafield tag="651" ind1=" " ind2="0">
    <subfield code="a">Haiti</subfield>
    <subfield code="x">Description and travel</subfield>
    <subfield code="v">Early works to 1800.</subfield>
  </datafield>
  <datafield tag="700" ind1="1" ind2=" ">
    <subfield code="a">Le Pers, Jean Baptiste,</subfield>
    <subfield code="d">1675-1735.</subfield>
  </datafield>
  <datafield tag="710" ind1="2" ind2=" ">
    <subfield code="a">John Boyd Thacher Collection (Library of Congress)</subfield>
    <subfield code="5">DLC</subfield>
  </datafield>
  <datafield tag="856" ind1="4" ind2="1">
    <subfield code="3">Volume 1</subfield>
    <subfield code="d">rbc0001</subfield>
    <subfield code="f">2019thacher63452v1</subfield>
    <subfield code="q">o</subfield>
    <subfield code="u">http://hdl.loc.gov/loc.rbc/rbfr.0072</subfield>
  </datafield>
  <datafield tag="856" ind1="4" ind2="1">
    <subfield code="3">Volume 2</subfield>
    <subfield code="d">rbc0001</subfield>
    <subfield code="f">2019thacher63452v2</subfield>
    <subfield code="q">o</subfield>
    <subfield code="u">http://hdl.loc.gov/loc.rbc/rbfr.0073</subfield>
  </datafield>
  <datafield tag="859" ind1="4" ind2="2">
    <subfield code="3">France in America: Selections from the LC Rare Books and Special Collections Division Description</subfield>
    <subfield code="u">http://hdl.loc.gov/loc.eur/frhtml.0002</subfield>
  </datafield>
  <datafield tag="985" ind1=" " ind2=" ">
    <subfield code="a">rbc/scd</subfield>
  </datafield>
  <datafield tag="985" ind1=" " ind2=" ">
    <subfield code="a">ascfr/frlcrb/tx</subfield>
    <subfield code="e">intldl</subfield>
  </datafield>
  <datafield tag="985" ind1=" " ind2=" ">
    <subfield code="a">pmpull</subfield>
    <subfield code="e">ammem</subfield>
  </datafield>
  <datafield tag="985" ind1=" " ind2=" ">
    <subfield code="a">bnffia-bk</subfield>
  </datafield>
</record>