
<record>
  <leader>01031cam a2200289 a 4500</leader>
  <controlfield tag="001">13497859</controlfield>
  <controlfield tag="005">20200103153142.0</controlfield>
  <controlfield tag="008">040204s2004    ru a          000 0brusoc</controlfield>
  <datafield tag="906" ind1=" " ind2=" ">
    <subfield code="a">7</subfield>
    <subfield code="b">cbc</subfield>
    <subfield code="c">pccadap</subfield>
    <subfield code="d">3</subfield>
    <subfield code="e">ncip</subfield>
    <subfield code="f">20</subfield>
    <subfield code="g">y-gencatlg</subfield>
  </datafield>
  <datafield tag="925" ind1="0" ind2=" ">
    <subfield code="a">acquire</subfield>
    <subfield code="b">1 shelf copy</subfield>
    <subfield code="x">policy default</subfield>
  </datafield>
  <datafield tag="955" ind1=" " ind2=" ">
    <subfield code="a">ok28 2004-05-26 to HLCD</subfield>
    <subfield code="a">le30 2004-06-07 z-processor</subfield>
    <subfield code="c">le11 2005-09-29</subfield>
    <subfield code="d">le17 2005-10-19</subfield>
    <subfield code="e">le17 2005-10-19 to BCCD</subfield>
  </datafield>
  <datafield tag="010" ind1=" " ind2=" ">
    <subfield code="a">  2004415234</subfield>
  </datafield>
  <datafield tag="040" ind1=" " ind2=" ">
    <subfield code="a">CGU</subfield>
    <subfield code="c">CGU</subfield>
    <subfield code="d">DLC</subfield>
  </datafield>
  <datafield tag="020" ind1=" " ind2=" ">
    <subfield code="a">586793280X</subfield>
  </datafield>
  <datafield tag="035" ind1=" " ind2=" ">
    <subfield code="a">(OCoLC)ocm55103182</subfield>
  </datafield>
  <datafield tag="042" ind1=" " ind2=" ">
    <subfield code="a">pcc</subfield>
  </datafield>
  <datafield tag="043" ind1=" " ind2=" ">
    <subfield code="a">e-ru---</subfield>
  </datafield>
  <datafield tag="050" ind1="0" ind2="0">
    <subfield code="a">PN2728.V597</subfield>
    <subfield code="b">R35 2004</subfield>
  </datafield>
  <datafield tag="100" ind1="1" ind2=" ">
    <subfield code="a">Raĭkina, Marina.</subfield>
  </datafield>
  <datafield tag="245" ind1="1" ind2="0">
    <subfield code="a">Galina Volchek :</subfield>
    <subfield code="b">kak pravilo vne pravil /</subfield>
    <subfield code="c">Marina Raĭkina.</subfield>
  </datafield>
  <datafield tag="260" ind1=" " ind2=" ">
    <subfield code="a">Moskva :</subfield>
    <subfield code="b">Novoe literaturnoe obozrenie,</subfield>
    <subfield code="c">c2004.</subfield>
  </datafield>
  <datafield tag="300" ind1=" " ind2=" ">
    <subfield code="a">571 p. :</subfield>
    <subfield code="b">ill. ;</subfield>
    <subfield code="c">25 cm.</subfield>
  </datafield>
  <datafield tag="600" ind1="1" ind2="0">
    <subfield code="a">Volchek, Galina,</subfield>
    <subfield code="d">1933-2019</subfield>
    <subfield code="v">Interviews.</subfield>
  </datafield>
  <datafield tag="650" ind1=" " ind2="0">
    <subfield code="a">Actors</subfield>
    <subfield code="z">Russia (Federation)</subfield>
    <subfield code="v">Interviews.</subfield>
  </datafield>
  <datafield tag="650" ind1=" " ind2="0">
    <subfield code="a">Actors</subfield>
    <subfield code="z">Russia (Federation)</subfield>
    <subfield code="v">Biography.</subfield>
  </datafield>
  <datafield tag="923" ind1=" " ind2=" ">
    <subfield code="d">20040204</subfield>
    <subfield code="n">92162870</subfield>
    <subfield code="s">RuMoEVP</subfield>
  </datafield>
  <datafield tag="985" ind1=" " ind2=" ">
    <subfield code="e">VENDOR LOAD</subfield>
  </datafield>
</record>