
<record>
<!-- Length implementation at offset 22 should hold a number. Assuming 0 -->
  <leader>01648ccm a2200373 a 4500</leader>
  <controlfield tag="001">13581736</controlfield>
  <controlfield tag="005">20200103130141.0</controlfield>
  <controlfield tag="008">031113r20031792fr zza   hi    n        d</controlfield>
  <datafield tag="906" ind1=" " ind2=" ">
    <subfield code="a">7</subfield>
    <subfield code="b">cbc</subfield>
    <subfield code="c">copycat</subfield>
    <subfield code="d">2</subfield>
    <subfield code="e">ncip</subfield>
    <subfield code="f">20</subfield>
    <subfield code="g">y-genmusic</subfield>
  </datafield>
  <datafield tag="925" ind1="0" ind2=" ">
    <subfield code="a">acquire</subfield>
    <subfield code="b">2 shelf copies</subfield>
    <subfield code="x">policy default</subfield>
  </datafield>
  <datafield tag="955" ind1=" " ind2=" ">
    <subfield code="a">vl00 2004-03-17</subfield>
    <subfield code="i">vl16 2004-05-04</subfield>
    <subfield code="e">vn34 2004-05-06 to BCCD</subfield>
  </datafield>
  <datafield tag="010" ind1=" " ind2=" ">
    <subfield code="a">  2004560727</subfield>
  </datafield>
  <datafield tag="024" ind1="2" ind2=" ">
    <subfield code="a">M230658706</subfield>
  </datafield>
  <datafield tag="028" ind1="3" ind2="2">
    <subfield code="a">5870</subfield>
    <subfield code="b">Fuzeau</subfield>
  </datafield>
  <datafield tag="035" ind1=" " ind2=" ">
    <subfield code="a">(OCoLC)ocm53423271</subfield>
  </datafield>
  <datafield tag="040" ind1=" " ind2=" ">
    <subfield code="a">ZJS</subfield>
    <subfield code="c">ZJS</subfield>
    <subfield code="d">DLC</subfield>
  </datafield>
  <datafield tag="041" ind1="0" ind2=" ">
    <subfield code="g">eng</subfield>
    <subfield code="g">fre</subfield>
    <subfield code="g">ger</subfield>
  </datafield>
  <datafield tag="042" ind1=" " ind2=" ">
    <subfield code="a">lccopycat</subfield>
  </datafield>
  <datafield tag="048" ind1=" " ind2=" ">
    <subfield code="b">wa01</subfield>
    <subfield code="b">wb01</subfield>
    <subfield code="b">ba01</subfield>
    <subfield code="b">wd01</subfield>
    <subfield code="a">oa</subfield>
  </datafield>
  <datafield tag="050" ind1="0" ind2="0">
    <subfield code="a">M1040.D48</subfield>
    <subfield code="b">S49 2003</subfield>
  </datafield>
  <datafield tag="100" ind1="1" ind2=" ">
    <subfield code="a">Devienne, François,</subfield>
    <subfield code="d">1759-1803.</subfield>
  </datafield>
  <datafield tag="240" ind1="1" ind2="0">
    <subfield code="a">Sinfonies concertantes,</subfield>
    <subfield code="m">flute, oboe, horn, bassoon, orchestra,</subfield>
    <subfield code="r">F major</subfield>
    <subfield code="n">(1789)</subfield>
  </datafield>
  <datafield tag="245" ind1="1" ind2="0">
    <subfield code="a">Quatrième symphonie concertante pour flûte, hautbois, cor et basson 1789 /</subfield>
    <subfield code="c">François Devienne.</subfield>
  </datafield>
  <datafield tag="260" ind1=" " ind2=" ">
    <subfield code="a">Courlay, France :</subfield>
    <subfield code="b">Fuzeau,</subfield>
    <subfield code="c">c2003.</subfield>
  </datafield>
  <datafield tag="300" ind1=" " ind2=" ">
    <subfield code="a">1 score (63 p.) + 12 parts +</subfield>
    <subfield code="e">1 commentary (xx p.) ;</subfield>
    <subfield code="c">33 cm.</subfield>
  </datafield>
  <datafield tag="440" ind1=" " ind2="0">
    <subfield code="a">Fac-similé Jean-Marc Fuzeau</subfield>
  </datafield>
  <datafield tag="440" ind1=" " ind2="3">
    <subfield code="a">La musique française classique de 1650 à 1800</subfield>
  </datafield>
  <datafield tag="500" ind1=" " ind2=" ">
    <subfield code="a">For flute, oboe, horn, and bassoon soloists with orchestra.</subfield>
  </datafield>
  <datafield tag="500" ind1=" " ind2=" ">
    <subfield code="a">Title from container.</subfield>
  </datafield>
  <datafield tag="500" ind1=" " ind2=" ">
    <subfield code="a">Composed in 1789; 1st ed. published probably 1792 (cf. commentary p. vii).</subfield>
  </datafield>
  <datafield tag="500" ind1=" " ind2=" ">
    <subfield code="a">Reprint (parts only). Originally published: Paris: Imbault, 1792?. With score reconstructed from parts.</subfield>
  </datafield>
  <datafield tag="500" ind1=" " ind2=" ">
    <subfield code="a">Reproduced from a copy in the Universitätsbibliothek Münster.</subfield>
  </datafield>
  <datafield tag="500" ind1=" " ind2=" ">
    <subfield code="a">Commentary in French, English, and German.</subfield>
  </datafield>
  <datafield tag="650" ind1=" " ind2="0">
    <subfield code="a">Bassoon, flute, horn, oboe with orchestra</subfield>
    <subfield code="v">Scores and parts.</subfield>
  </datafield>
</record>