
<record>
  <leader>06003cas a2201201 a 4500</leader>
  <controlfield tag="001">13621795</controlfield>
  <controlfield tag="005">20200103075648.0</controlfield>
  <controlfield tag="006">m     o  d        </controlfield>
  <controlfield tag="007">cr mnu||||||||</controlfield>
  <controlfield tag="008">040610c19519999cauqr pso     0   a0eng c</controlfield>
  <datafield tag="010" ind1=" " ind2=" ">
    <subfield code="a">  2004209429</subfield>
  </datafield>
  <datafield tag="015" ind1=" " ind2=" ">
    <subfield code="a">GBB522785</subfield>
    <subfield code="2">bnb</subfield>
  </datafield>
  <datafield tag="016" ind1="7" ind2=" ">
    <subfield code="a">017027070</subfield>
    <subfield code="2">Uk</subfield>
  </datafield>
  <datafield tag="022" ind1="0" ind2=" ">
    <subfield code="a">2163-5560</subfield>
    <subfield code="y">0014-4029</subfield>
    <subfield code="2">2</subfield>
  </datafield>
  <datafield tag="030" ind1=" " ind2=" ">
    <subfield code="a">EXCCAJ</subfield>
  </datafield>
  <datafield tag="035" ind1=" " ind2=" ">
    <subfield code="a">(OCoLC)ocm38966634 </subfield>
  </datafield>
  <datafield tag="040" ind1=" " ind2=" ">
    <subfield code="a">FGA</subfield>
    <subfield code="b">eng</subfield>
    <subfield code="e">pn</subfield>
    <subfield code="c">FGA</subfield>
    <subfield code="d">OCL</subfield>
    <subfield code="d">OCLCQ</subfield>
    <subfield code="d">DLC</subfield>
    <subfield code="d">BUF</subfield>
    <subfield code="d">OCLCQ</subfield>
    <subfield code="d">OCLCF</subfield>
    <subfield code="d">UMC</subfield>
    <subfield code="d">OCLCO</subfield>
    <subfield code="d">OCLCE</subfield>
    <subfield code="d">NUI</subfield>
    <subfield code="d">VT2</subfield>
    <subfield code="d">OCLCQ</subfield>
    <subfield code="d">OCLCO</subfield>
    <subfield code="d">OCLCQ</subfield>
    <subfield code="d">OCLCO</subfield>
    <subfield code="d">OCLCQ</subfield>
    <subfield code="d">CASUM</subfield>
    <subfield code="d">OCLCA</subfield>
    <subfield code="d">OCLCO</subfield>
    <subfield code="d">OCLCA</subfield>
    <subfield code="d">OCLCQ</subfield>
    <subfield code="d">TSC</subfield>
    <subfield code="d">OCLCO</subfield>
    <subfield code="d">IOG</subfield>
    <subfield code="d">NLE</subfield>
    <subfield code="d">DLC</subfield>
    <subfield code="d">KSU</subfield>
    <subfield code="d">OCLCO</subfield>
    <subfield code="d">CEF</subfield>
    <subfield code="d">OCLCO</subfield>
    <subfield code="d">AU@</subfield>
    <subfield code="d">OCLCO</subfield>
    <subfield code="d">OCLCA</subfield>
    <subfield code="d">UKMGB</subfield>
    <subfield code="d">U3W</subfield>
    <subfield code="d">NJT</subfield>
  </datafield>
  <datafield tag="042" ind1=" " ind2=" ">
    <subfield code="a">pcc</subfield>
    <subfield code="a">nsdp</subfield>
    <subfield code="a">dlr</subfield>
  </datafield>
  <datafield tag="050" ind1="0" ind2="0">
    <subfield code="a">LC3950</subfield>
  </datafield>
  <datafield tag="060" ind1="0" ind2="0">
    <subfield code="a">W1</subfield>
    <subfield code="b">EX198</subfield>
  </datafield>
  <datafield tag="082" ind1="0" ind2="0">
    <subfield code="a">371</subfield>
    <subfield code="2">14</subfield>
  </datafield>
  <datafield tag="130" ind1="0" ind2=" ">
    <subfield code="a">Exceptional children (Online)</subfield>
  </datafield>
  <datafield tag="222" ind1=" " ind2="0">
    <subfield code="a">Exceptional children</subfield>
    <subfield code="b">(Online)</subfield>
  </datafield>
  <datafield tag="245" ind1="1" ind2="0">
    <subfield code="a">Exceptional children.</subfield>
  </datafield>
  <datafield tag="260" ind1=" " ind2=" ">
    <subfield code="a">Arlington, VA :</subfield>
    <subfield code="b">Council for Exceptional Children</subfield>
  </datafield>
  <datafield tag="264" ind1=" " ind2="1">
    <subfield code="3">Spring 2014- :</subfield>
    <subfield code="a">Sage Publications :</subfield>
    <subfield code="b">Thousand Oaks, CA</subfield>
  </datafield>
  <datafield tag="310" ind1=" " ind2=" ">
    <subfield code="a">Quarterly</subfield>
  </datafield>
  <datafield tag="336" ind1=" " ind2=" ">
    <subfield code="a">text</subfield>
    <subfield code="b">txt</subfield>
    <subfield code="2">rdacontent</subfield>
  </datafield>
  <datafield tag="337" ind1=" " ind2=" ">
    <subfield code="a">computer</subfield>
    <subfield code="b">c</subfield>
    <subfield code="2">rdamedia</subfield>
  </datafield>
  <datafield tag="338" ind1=" " ind2=" ">
    <subfield code="a">online resource</subfield>
    <subfield code="b">cr</subfield>
    <subfield code="2">rdacarrier</subfield>
  </datafield>
  <datafield tag="362" ind1="1" ind2=" ">
    <subfield code="a">Print began with vol. 18, no. 1 (Oct. 1951).</subfield>
  </datafield>
  <datafield tag="506" ind1=" " ind2=" ">
    <subfield code="3">Use copy</subfield>
    <subfield code="f">Restrictions unspecified</subfield>
    <subfield code="2">star</subfield>
    <subfield code="5">MiAaHDL</subfield>
  </datafield>
  <datafield tag="533" ind1=" " ind2=" ">
    <subfield code="a">Electronic reproduction.</subfield>
    <subfield code="b">[S.l.] :</subfield>
    <subfield code="c">HathiTrust Digital Library,</subfield>
    <subfield code="d">2010.</subfield>
    <subfield code="5">MiAaHDL</subfield>
  </datafield>
  <datafield tag="538" ind1=" " ind2=" ">
    <subfield code="a">Master and use copy. Digital master created according to Benchmark for Faithful Digital Reproductions of Monographs and Serials, Version 1. Digital Library Federation, December 2002.</subfield>
    <subfield code="u">http://purl.oclc.org/DLF/benchrepro0212</subfield>
    <subfield code="5">MiAaHDL</subfield>
  </datafield>
  <datafield tag="583" ind1="1" ind2=" ">
    <subfield code="a">digitized</subfield>
    <subfield code="c">2010</subfield>
    <subfield code="h">HathiTrust Digital Library</subfield>
    <subfield code="l">committed to preserve</subfield>
    <subfield code="2">pda</subfield>
    <subfield code="5">MiAaHDL</subfield>
  </datafield>
  <datafield tag="588" ind1=" " ind2=" ">
    <subfield code="a">Description based on: Vol. 60, issue 4 (Feb. 1994); title from available issues screen (viewed Apr. 15, 1998).</subfield>
  </datafield>
  <datafield tag="588" ind1=" " ind2=" ">
    <subfield code="a">Latest issue consulted: Vol. 81, no. 1 (October 2014) (Sage Journals, viewed September 22, 2014).</subfield>
  </datafield>
  <datafield tag="650" ind1=" " ind2="0">
    <subfield code="a">Special education</subfield>
    <subfield code="v">Periodicals.</subfield>
  </datafield>
  <datafield tag="650" ind1=" " ind2="0">
    <subfield code="a">Children with disabilities</subfield>
    <subfield code="x">Education</subfield>
    <subfield code="v">Periodicals.</subfield>
  </datafield>
  <datafield tag="650" ind1=" " ind2="6">
    <subfield code="a">Enfants inadaptés</subfield>
    <subfield code="v">Périodiques.</subfield>
  </datafield>
  <datafield tag="650" ind1=" " ind2="7">
    <subfield code="a">Children with disabilities</subfield>
    <subfield code="x">Education.</subfield>
    <subfield code="2">fast</subfield>
    <subfield code="0">(OCoLC)fst00855556</subfield>
  </datafield>
  <datafield tag="650" ind1=" " ind2="7">
    <subfield code="a">Special education.</subfield>
    <subfield code="2">fast</subfield>
    <subfield code="0">(OCoLC)fst01128842</subfield>
  </datafield>
  <datafield tag="650" ind1="1" ind2="7">
    <subfield code="a">Ontwikkelingspsychologie.</subfield>
    <subfield code="2">gtt</subfield>
  </datafield>
  <datafield tag="650" ind1="1" ind2="7">
    <subfield code="a">Speciaal onderwijs.</subfield>
    <subfield code="2">gtt</subfield>
  </datafield>
  <datafield tag="650" ind1="1" ind2="7">
    <subfield code="a">Gehandicapte kinderen.</subfield>
    <subfield code="2">gtt</subfield>
  </datafield>
  <datafield tag="650" ind1=" " ind2="7">
    <subfield code="a">Enfant inadapté</subfield>
    <subfield code="2">rasuqam</subfield>
  </datafield>
  <datafield tag="650" ind1=" " ind2="7">
    <subfield code="a">Éducation spéciale.</subfield>
    <subfield code="2">rasuqam</subfield>
  </datafield>
  <datafield tag="650" ind1=" " ind2="7">
    <subfield code="a">Développement de l&apos;enfant.</subfield>
    <subfield code="2">rasuqam</subfield>
  </datafield>
  <datafield tag="650" ind1=" " ind2="2">
    <subfield code="a">Child Psychology</subfield>
    <subfield code="v">Periodicals.</subfield>
  </datafield>
  <datafield tag="650" ind1=" " ind2="2">
    <subfield code="a">Disabled</subfield>
    <subfield code="v">Periodicals.</subfield>
  </datafield>
  <datafield tag="650" ind1=" " ind2="2">
    <subfield code="a">Psychology, Child.</subfield>
  </datafield>
  <datafield tag="650" ind1=" " ind2="2">
    <subfield code="a">Disabled.</subfield>
  </datafield>
  <datafield tag="650" ind1=" " ind2="2">
    <subfield code="a">Education</subfield>
    <subfield code="v">Periodicals.</subfield>
  </datafield>
  <datafield tag="650" ind1="0" ind2="2">
    <subfield code="a">Child.</subfield>
  </datafield>
  <datafield tag="650" ind1="0" ind2="2">
    <subfield code="a">Humans.</subfield>
  </datafield>
  <datafield tag="650" ind1="1" ind2="2">
    <subfield code="a">Psychiatry.</subfield>
  </datafield>
  <datafield tag="650" ind1="1" ind2="2">
    <subfield code="a">Psychology.</subfield>
  </datafield>
  <datafield tag="650" ind1="2" ind2="2">
    <subfield code="a">Disabled Persons.</subfield>
  </datafield>
  <datafield tag="650" ind1="2" ind2="2">
    <subfield code="a">Intellectual Disability.</subfield>
  </datafield>
  <datafield tag="650" ind1="1" ind2="2">
    <subfield code="a">Child, Gifted.</subfield>
  </datafield>
  <datafield tag="650" ind1="1" ind2="2">
    <subfield code="a">Pediatrics.</subfield>
  </datafield>
  <datafield tag="650" ind1=" " ind2="2">
    <subfield code="a">Education.</subfield>
  </datafield>
  <datafield tag="650" ind1=" " ind2="2">
    <subfield code="a">Disabled Persons.</subfield>
  </datafield>
  <datafield tag="655" ind1=" " ind2="0">
    <subfield code="a">Electronic journals.</subfield>
  </datafield>
  <datafield tag="655" ind1=" " ind2="4">
    <subfield code="a">Fulltext.</subfield>
  </datafield>
  <datafield tag="655" ind1=" " ind2="4">
    <subfield code="a">Internet Resources.</subfield>
  </datafield>
  <datafield tag="655" ind1=" " ind2="2">
    <subfield code="a">Periodical.</subfield>
  </datafield>
  <datafield tag="655" ind1=" " ind2="7">
    <subfield code="a">Ressource Internet (Descripteur de forme)</subfield>
    <subfield code="2">rasuqam</subfield>
  </datafield>
  <datafield tag="655" ind1=" " ind2="7">
    <subfield code="a">Périodique électronique (Descripteur de forme)</subfield>
    <subfield code="2">rasuqam</subfield>
  </datafield>
  <datafield tag="655" ind1=" " ind2="7">
    <subfield code="a">Periodicals.</subfield>
    <subfield code="2">fast</subfield>
    <subfield code="0">(OCoLC)fst01411641</subfield>
  </datafield>
  <datafield tag="710" ind1="2" ind2=" ">
    <subfield code="a">Council for Exceptional Children,</subfield>
    <subfield code="e">issuing body.</subfield>
  </datafield>
  <datafield tag="776" ind1="0" ind2="8">
    <subfield code="i">Print version:</subfield>
    <subfield code="t">Exceptional children</subfield>
    <subfield code="x">0014-4029</subfield>
    <subfield code="w">(DLC)sc 80002098</subfield>
    <subfield code="w">(OCoLC)1568566</subfield>
  </datafield>
  <datafield tag="850" ind1=" " ind2=" ">
    <subfield code="a">DLC</subfield>
  </datafield>
  <datafield tag="859" ind1="4" ind2="0">
    <subfield code="3">Google, v.25 1958/1959</subfield>
    <subfield code="u">http://books.google.com/books?id=Zm4LAAAAIAAJ</subfield>
  </datafield>
  <datafield tag="859" ind1="4" ind2="0">
    <subfield code="3">Google, v.28 1961/1962</subfield>
    <subfield code="u">http://books.google.com/books?id=6HgLAAAAIAAJ</subfield>
  </datafield>
  <datafield tag="859" ind1="4" ind2="0">
    <subfield code="3">Google, v.31 1964/1965</subfield>
    <subfield code="u">http://books.google.com/books?id=RoQLAAAAIAAJ</subfield>
  </datafield>
  <datafield tag="859" ind1="4" ind2="0">
    <subfield code="3">Google, v.42 1975/1976</subfield>
    <subfield code="u">http://books.google.com/books?id=vHILAAAAIAAJ</subfield>
  </datafield>
  <datafield tag="859" ind1="4" ind2="0">
    <subfield code="3">Google, v.24 1957/1958</subfield>
    <subfield code="u">http://books.google.com/books?id=_m4LAAAAIAAJ</subfield>
  </datafield>
  <datafield tag="859" ind1="4" ind2="0">
    <subfield code="3">Google, v.50 1983/1984</subfield>
    <subfield code="u">http://books.google.com/books?id=f1U4AAAAMAAJ</subfield>
  </datafield>
  <datafield tag="859" ind1="4" ind2="0">
    <subfield code="3">Google, v.34 1967/1968</subfield>
    <subfield code="u">http://books.google.com/books?id=znELAAAAIAAJ</subfield>
  </datafield>
  <datafield tag="859" ind1="4" ind2="0">
    <subfield code="3">Google, v.40 1973/1974</subfield>
    <subfield code="u">http://books.google.com/books?id=BnYLAAAAIAAJ</subfield>
  </datafield>
  <datafield tag="859" ind1="4" ind2="0">
    <subfield code="3">Google, v.43 1976/1977</subfield>
    <subfield code="u">http://books.google.com/books?id=pVsKAAAAIAAJ</subfield>
  </datafield>
  <datafield tag="859" ind1="4" ind2="0">
    <subfield code="3">Google, v.33 1966/1967</subfield>
    <subfield code="u">http://books.google.com/books?id=7XYLAAAAIAAJ</subfield>
  </datafield>
  <datafield tag="859" ind1="4" ind2="0">
    <subfield code="3">Google, v.37 1970/1971</subfield>
    <subfield code="u">http://books.google.com/books?id=QX0LAAAAIAAJ</subfield>
  </datafield>
  <datafield tag="859" ind1="4" ind2="0">
    <subfield code="3">Google, v.22-23 1955/1956-1956/1957</subfield>
    <subfield code="u">http://books.google.com/books?id=gW8LAAAAIAAJ</subfield>
  </datafield>
  <datafield tag="859" ind1="4" ind2="0">
    <subfield code="3">Google, v.35 1968/1969</subfield>
    <subfield code="u">http://books.google.com/books?id=P3oLAAAAIAAJ</subfield>
  </datafield>
  <datafield tag="859" ind1="4" ind2="0">
    <subfield code="3">Google, v.32 1965/1966</subfield>
    <subfield code="u">http://books.google.com/books?id=g3cLAAAAIAAJ</subfield>
  </datafield>
  <datafield tag="859" ind1="4" ind2="0">
    <subfield code="3">Google, v.38 1971/1972</subfield>
    <subfield code="u">http://books.google.com/books?id=fHULAAAAIAAJ</subfield>
  </datafield>
  <datafield tag="859" ind1="4" ind2="0">
    <subfield code="3">Google, v.45 1978/1979</subfield>
    <subfield code="u">http://books.google.com/books?id=zYodAAAAMAAJ</subfield>
  </datafield>
  <datafield tag="859" ind1="4" ind2="0">
    <subfield code="3">Google, v.27 1960/1961</subfield>
    <subfield code="u">http://books.google.com/books?id=CHgLAAAAIAAJ</subfield>
  </datafield>
  <datafield tag="859" ind1="4" ind2="0">
    <subfield code="3">Google, v.41 1974/1975</subfield>
    <subfield code="u">http://books.google.com/books?id=1ncLAAAAIAAJ</subfield>
  </datafield>
  <datafield tag="859" ind1="4" ind2="0">
    <subfield code="3">Google, v.44 1977/1978</subfield>
    <subfield code="u">http://books.google.com/books?id=3XgrAAAAMAAJ</subfield>
  </datafield>
  <datafield tag="859" ind1="4" ind2="0">
    <subfield code="3">Google, v.49 1982/1983</subfield>
    <subfield code="u">http://books.google.com/books?id=QFU4AAAAMAAJ</subfield>
  </datafield>
  <datafield tag="859" ind1="4" ind2="0">
    <subfield code="3">Google, v.46 1979/1980</subfield>
    <subfield code="u">http://books.google.com/books?id=Y4QjAAAAMAAJ</subfield>
  </datafield>
  <datafield tag="859" ind1="4" ind2="0">
    <subfield code="3">Google, v.29 1962/1963</subfield>
    <subfield code="u">http://books.google.com/books?id=5XILAAAAIAAJ</subfield>
  </datafield>
  <datafield tag="859" ind1="4" ind2="0">
    <subfield code="3">HathiTrust Digital Library Limited view (search only)</subfield>
    <subfield code="u">http://catalog.hathitrust.org/api/volumes/oclc/1568566.html</subfield>
  </datafield>
  <datafield tag="859" ind1="4" ind2="0">
    <subfield code="u">http://journals.sagepub.com/home/ecx/</subfield>
  </datafield>
  <datafield tag="859" ind1="4" ind2="0">
    <subfield code="u">http://cec.metapress.com/content/122146/</subfield>
  </datafield>
  <datafield tag="859" ind1="4" ind2=" ">
    <subfield code="u">http://journals.cec.sped.org/index.cfm</subfield>
    <subfield code="z">Link no longer available as of Apr. 4, 2012:</subfield>
  </datafield>
  <datafield tag="906" ind1=" " ind2=" ">
    <subfield code="a">7</subfield>
    <subfield code="b">cbc</subfield>
    <subfield code="c">serials</subfield>
    <subfield code="d">2</subfield>
    <subfield code="e">ncip</subfield>
    <subfield code="f">20</subfield>
    <subfield code="g">n-oclcserc</subfield>
  </datafield>
  <datafield tag="925" ind1="0" ind2=" ">
    <subfield code="a">Acquire</subfield>
    <subfield code="b">edeposit</subfield>
    <subfield code="x">policy default</subfield>
  </datafield>
  <datafield tag="955" ind1=" " ind2=" ">
    <subfield code="a">SRD</subfield>
    <subfield code="i">dd55 2004-06-14</subfield>
    <subfield code="k">xf12 2011-09-13</subfield>
  </datafield>
  <datafield tag="985" ind1=" " ind2=" ">
    <subfield code="d">20190606</subfield>
    <subfield code="e">edeposit SR17549784706</subfield>
  </datafield>
</record>