
<record>
  <leader>01401cam a2200349 a 4500</leader>
  <controlfield tag="001">13664568</controlfield>
  <controlfield tag="005">20200103154226.0</controlfield>
  <controlfield tag="008">040629t20042003ru af    b    000 0arusoc</controlfield>
  <datafield tag="906" ind1=" " ind2=" ">
    <subfield code="a">7</subfield>
    <subfield code="b">cbc</subfield>
    <subfield code="c">pccadap</subfield>
    <subfield code="d">3</subfield>
    <subfield code="e">ncip</subfield>
    <subfield code="f">20</subfield>
    <subfield code="g">y-gencatlg</subfield>
  </datafield>
  <datafield tag="925" ind1="0" ind2=" ">
    <subfield code="a">acquire</subfield>
    <subfield code="b">1 shelf copy</subfield>
    <subfield code="x">policy default</subfield>
  </datafield>
  <datafield tag="955" ind1=" " ind2=" ">
    <subfield code="a">ok01 2004-08-30 to HLCD</subfield>
    <subfield code="a">le14 2005-12-06 z-processor</subfield>
    <subfield code="i">le14 2006-02-02</subfield>
    <subfield code="e">le14 2006-02-06 to BCCD</subfield>
  </datafield>
  <datafield tag="010" ind1=" " ind2=" ">
    <subfield code="a">  2004440647</subfield>
  </datafield>
  <datafield tag="040" ind1=" " ind2=" ">
    <subfield code="a">CGU</subfield>
    <subfield code="c">CGU</subfield>
    <subfield code="d">OCLCQ</subfield>
    <subfield code="d">DLC</subfield>
  </datafield>
  <datafield tag="020" ind1=" " ind2=" ">
    <subfield code="z">5982620042</subfield>
  </datafield>
  <datafield tag="035" ind1=" " ind2=" ">
    <subfield code="a">(OCoLC)ocm56899505</subfield>
  </datafield>
  <datafield tag="042" ind1=" " ind2=" ">
    <subfield code="a">pcc</subfield>
  </datafield>
  <datafield tag="043" ind1=" " ind2=" ">
    <subfield code="a">e-ru---</subfield>
  </datafield>
  <datafield tag="050" ind1="0" ind2="0">
    <subfield code="a">PN1998.3.K69</subfield>
    <subfield code="b">A3 2004</subfield>
  </datafield>
  <datafield tag="100" ind1="1" ind2=" ">
    <subfield code="a">Kozint︠s︡ev, Grigoriĭ.</subfield>
  </datafield>
  <datafield tag="245" ind1="1" ind2="0">
    <subfield code="a">Vremi︠a︡ tragedii /</subfield>
    <subfield code="c">Grigoriĭ Kozint︠s︡ev ; [predislovie, A.G. Kozint︠s︡ev ; sostavlenie, primechanii︠a︡, V.G. Kozint︠s︡eva].</subfield>
  </datafield>
  <datafield tag="260" ind1=" " ind2=" ">
    <subfield code="a">Moskva :</subfield>
    <subfield code="b">[s.n.],</subfield>
    <subfield code="c">2004, c2003.</subfield>
  </datafield>
  <datafield tag="300" ind1=" " ind2=" ">
    <subfield code="a">442, [16] p. of plates :</subfield>
    <subfield code="b">ill. ;</subfield>
    <subfield code="c">22 cm.</subfield>
  </datafield>
  <datafield tag="440" ind1=" " ind2="0">
    <subfield code="a">Moĭ 20. vek</subfield>
  </datafield>
  <datafield tag="504" ind1=" " ind2=" ">
    <subfield code="a">Includes bibliographical references.</subfield>
  </datafield>
  <datafield tag="600" ind1="1" ind2="0">
    <subfield code="a">Kozint︠s︡ev, Grigoriĭ</subfield>
    <subfield code="v">Diaries.</subfield>
  </datafield>
  <datafield tag="650" ind1=" " ind2="0">
    <subfield code="a">Motion picture producers and directors</subfield>
    <subfield code="z">Russia (Federation)</subfield>
    <subfield code="v">Diaries.</subfield>
  </datafield>
  <datafield tag="600" ind1="1" ind2="0">
    <subfield code="a">Shakespeare, William,</subfield>
    <subfield code="d">1564-1616</subfield>
    <subfield code="x">Tragedies.</subfield>
  </datafield>
  <datafield tag="650" ind1=" " ind2="0">
    <subfield code="a">English drama (Tragedy)</subfield>
    <subfield code="x">History and criticism.</subfield>
  </datafield>
  <datafield tag="700" ind1="1" ind2=" ">
    <subfield code="a">Kozint︠s︡ev, A. G.</subfield>
    <subfield code="q">(Aleksandr Grigorʹevich)</subfield>
  </datafield>
  <datafield tag="700" ind1="1" ind2=" ">
    <subfield code="a">Kozint︠s︡eva, V. G.</subfield>
  </datafield>
  <datafield tag="923" ind1=" " ind2=" ">
    <subfield code="d">20040629</subfield>
    <subfield code="n">92165381</subfield>
    <subfield code="s">RuMoEVP</subfield>
  </datafield>
  <datafield tag="985" ind1=" " ind2=" ">
    <subfield code="e">VENDOR LOAD</subfield>
  </datafield>
</record>