
<record>
  <leader>02687cjm a2200481 a 4500</leader>
  <controlfield tag="001">13776853</controlfield>
  <controlfield tag="005">20200103130720.0</controlfield>
  <controlfield tag="007">cr |||||||||||</controlfield>
  <controlfield tag="008">041109r2004196udcuzzn| sh        | zxx  </controlfield>
  <datafield tag="906" ind1=" " ind2=" ">
    <subfield code="a">7</subfield>
    <subfield code="b">cbc</subfield>
    <subfield code="c">origcop</subfield>
    <subfield code="d">2</subfield>
    <subfield code="e">ncip</subfield>
    <subfield code="f">20</subfield>
    <subfield code="g">y-soundrec</subfield>
  </datafield>
  <datafield tag="925" ind1="0" ind2=" ">
    <subfield code="a">acquire</subfield>
    <subfield code="b">1 shelf copy</subfield>
    <subfield code="x">policy default</subfield>
  </datafield>
  <datafield tag="955" ind1=" " ind2=" ">
    <subfield code="a">qu47 2004-11-09; qu70 2007-05-04; qr01 2007-07-13</subfield>
  </datafield>
  <datafield tag="010" ind1=" " ind2=" ">
    <subfield code="a">  2004657636</subfield>
  </datafield>
  <datafield tag="035" ind1=" " ind2=" ">
    <subfield code="a">(DLC)mavis185387</subfield>
  </datafield>
  <datafield tag="040" ind1=" " ind2=" ">
    <subfield code="a">DLC</subfield>
    <subfield code="c">DLC</subfield>
    <subfield code="d">DLC</subfield>
  </datafield>
  <datafield tag="100" ind1="1" ind2=" ">
    <subfield code="a">Euba, Akin,</subfield>
    <subfield code="d">1935-</subfield>
  </datafield>
  <datafield tag="240" ind1="1" ind2="0">
    <subfield code="a">Chamber music.</subfield>
    <subfield code="k">Selections</subfield>
  </datafield>
  <datafield tag="245" ind1="1" ind2="0">
    <subfield code="a">Compositions</subfield>
    <subfield code="h">[sound recording] /</subfield>
    <subfield code="c">by Akin Euba.</subfield>
  </datafield>
  <datafield tag="260" ind1=" " ind2=" ">
    <subfield code="c">[2004]</subfield>
  </datafield>
  <datafield tag="300" ind1=" " ind2=" ">
    <subfield code="a">1 sound file (32 min., 50 sec.) :</subfield>
    <subfield code="b">digital preservation master, WAV file (96 kHz, 24 bit)</subfield>
  </datafield>
  <datafield tag="500" ind1=" " ind2=" ">
    <subfield code="a">Title from original container; cataloged from audition, containers, and program.</subfield>
  </datafield>
  <datafield tag="500" ind1=" " ind2=" ">
    <subfield code="a">Recorded by the VOA for possible broadcast, probably in the 1960s.</subfield>
  </datafield>
  <datafield tag="511" ind1="0" ind2=" ">
    <subfield code="a">Amici String Quartet (1st work) ; Christopher Bunting, violoncello, Ernest Lush, piano (2nd work) ; Brian Woods, flute, Blake Patterson, bassoon, Tony White, piano, and Akin Euba, Nigerian instruments (3rd work).</subfield>
  </datafield>
  <datafield tag="500" ind1=" " ind2=" ">
    <subfield code="a">Digital preservation master recorded from original master analog tape by the Library of Congress Magnetic Recording Laboratory in 2004.</subfield>
  </datafield>
  <datafield tag="500" ind1=" " ind2=" ">
    <subfield code="a">Program notes by Akin Euba on file in the MBRS Recorded Sound Section VOA tape paperwork file.</subfield>
  </datafield>
  <datafield tag="505" ind1="0" ind2=" ">
    <subfield code="a">String quartet (15:35) -- The wanderer : for cello and piano (9:41) -- Four pieces for flute, bassoon, piano, and Nigerian instruments (7:34).</subfield>
  </datafield>
  <datafield tag="506" ind1=" " ind2=" ">
    <subfield code="a">Due to copyright or other restrictions, online playback of audio files is limited to authorized sites.</subfield>
  </datafield>
  <datafield tag="534" ind1=" " ind2=" ">
    <subfield code="p">Original master:</subfield>
    <subfield code="c">[Washington, D.C. : Voice of America, 196-?]</subfield>
    <subfield code="e">1 sound tape reel : analog, 7 1/2 ips ; 7 in.</subfield>
    <subfield code="n">RXD 2027.</subfield>
    <subfield code="n">MAVIS title no.: 185387.</subfield>
  </datafield>
  <datafield tag="534" ind1=" " ind2=" ">
    <subfield code="p">Original master:</subfield>
    <subfield code="c">[Washington, D.C. : Voice of America, 196-?]</subfield>
    <subfield code="e">1 sound tape reel : analog, 7 1/2 ips ; 10 in.</subfield>
    <subfield code="n">RAA 29290.</subfield>
    <subfield code="n">MAVIS title no.: 185387.</subfield>
  </datafield>
  <datafield tag="650" ind1=" " ind2="0">
    <subfield code="a">String quartets.</subfield>
  </datafield>
  <datafield tag="650" ind1=" " ind2="0">
    <subfield code="a">Cello and piano music.</subfield>
  </datafield>
  <datafield tag="650" ind1=" " ind2="0">
    <subfield code="a">Quartets (Piano, bassoon, flute, percussion)</subfield>
  </datafield>
  <datafield tag="700" ind1="1" ind2=" ">
    <subfield code="a">Bunting, Christopher,</subfield>
    <subfield code="d">1924-2005.</subfield>
    <subfield code="4">prf</subfield>
  </datafield>
  <datafield tag="700" ind1="1" ind2=" ">
    <subfield code="a">Lush, Ernest.</subfield>
    <subfield code="4">prf</subfield>
  </datafield>
  <datafield tag="700" ind1="1" ind2=" ">
    <subfield code="a">Woods, Brian</subfield>
    <subfield code="c">(Flutist)</subfield>
    <subfield code="4">prf</subfield>
  </datafield>
  <datafield tag="700" ind1="1" ind2=" ">
    <subfield code="a">Patterson, Blake.</subfield>
    <subfield code="4">prf</subfield>
  </datafield>
  <datafield tag="700" ind1="1" ind2=" ">
    <subfield code="a">White, Tony</subfield>
    <subfield code="c">(Pianist)</subfield>
    <subfield code="4">prf</subfield>
  </datafield>
  <datafield tag="700" ind1="1" ind2=" ">
    <subfield code="a">Euba, Akin,</subfield>
    <subfield code="d">1935-</subfield>
    <subfield code="4">prf</subfield>
  </datafield>
  <datafield tag="700" ind1="1" ind2="2">
    <subfield code="a">Euba, Akin,</subfield>
    <subfield code="d">1935-</subfield>
    <subfield code="t">Quartets,</subfield>
    <subfield code="m">violins (2), viola, cello.</subfield>
  </datafield>
  <datafield tag="700" ind1="1" ind2="2">
    <subfield code="a">Euba, Akin,</subfield>
    <subfield code="d">1935-</subfield>
    <subfield code="t">Wanderer.</subfield>
  </datafield>
  <datafield tag="700" ind1="1" ind2="2">
    <subfield code="a">Euba, Akin,</subfield>
    <subfield code="d">1935-</subfield>
    <subfield code="t">Pieces,</subfield>
    <subfield code="m">piano, flute, bassoon, percussion.</subfield>
  </datafield>
  <datafield tag="710" ind1="2" ind2=" ">
    <subfield code="a">Amici Quartet.</subfield>
    <subfield code="4">prf</subfield>
  </datafield>
  <datafield tag="710" ind1="2" ind2=" ">
    <subfield code="a">Voice of America Music Library Collection (Library of Congress)</subfield>
    <subfield code="5">DLC</subfield>
  </datafield>
</record>