
<record>
<!-- Length implementation at offset 22 should hold a number. Assuming 0 -->
  <leader>02329cjm a2200493 a 4500</leader>
  <controlfield tag="001">13925635</controlfield>
  <controlfield tag="005">20200103130411.0</controlfield>
  <controlfield tag="007">sd fsngnnmmneu</controlfield>
  <controlfield tag="008">050411s2003    nyumun|  hi       |     d</controlfield>
  <datafield tag="906" ind1=" " ind2=" ">
    <subfield code="a">7</subfield>
    <subfield code="b">cbc</subfield>
    <subfield code="c">copycat</subfield>
    <subfield code="d">2</subfield>
    <subfield code="e">ncip</subfield>
    <subfield code="f">20</subfield>
    <subfield code="g">y-genmusic</subfield>
  </datafield>
  <datafield tag="925" ind1="0" ind2=" ">
    <subfield code="a">acquire</subfield>
    <subfield code="b">2 shelf copies</subfield>
    <subfield code="x">policy default</subfield>
  </datafield>
  <datafield tag="955" ind1=" " ind2=" ">
    <subfield code="a">vn47 2005-04-11 z-client</subfield>
    <subfield code="i">vn47 2005-04-11</subfield>
    <subfield code="c">vn79 2005-04-18</subfield>
    <subfield code="e">vb23 2006-03-14 copy 2 to MBRS</subfield>
  </datafield>
  <datafield tag="010" ind1=" " ind2=" ">
    <subfield code="a">  2005587852</subfield>
  </datafield>
  <datafield tag="024" ind1="1" ind2=" ">
    <subfield code="a">728969014226</subfield>
  </datafield>
  <datafield tag="028" ind1="0" ind2="2">
    <subfield code="a">JAV142</subfield>
    <subfield code="b">JAV Recordings</subfield>
  </datafield>
  <datafield tag="035" ind1=" " ind2=" ">
    <subfield code="a">(OCoLC)ocm54059210</subfield>
  </datafield>
  <datafield tag="040" ind1=" " ind2=" ">
    <subfield code="a">RES</subfield>
    <subfield code="c">RES</subfield>
    <subfield code="d">OCLCQ</subfield>
    <subfield code="d">DLC</subfield>
  </datafield>
  <datafield tag="042" ind1=" " ind2=" ">
    <subfield code="a">lccopycat</subfield>
  </datafield>
  <datafield tag="050" ind1="0" ind2="0">
    <subfield code="a">SDB 19517</subfield>
  </datafield>
  <datafield tag="100" ind1="1" ind2=" ">
    <subfield code="a">Duruflé, Maurice,</subfield>
    <subfield code="d">1902-1986.</subfield>
  </datafield>
  <datafield tag="240" ind1="1" ind2="0">
    <subfield code="a">Organ music</subfield>
  </datafield>
  <datafield tag="245" ind1="1" ind2="0">
    <subfield code="a">Complete organ works of Maurice Duruflé</subfield>
    <subfield code="h">[sound recording].</subfield>
  </datafield>
  <datafield tag="260" ind1=" " ind2=" ">
    <subfield code="a">[Brooklyn, N.Y.] :</subfield>
    <subfield code="b">JAV Recordings,</subfield>
    <subfield code="c">p2003.</subfield>
  </datafield>
  <datafield tag="300" ind1=" " ind2=" ">
    <subfield code="a">1 sound disc :</subfield>
    <subfield code="b">digital ;</subfield>
    <subfield code="c">4 3/4 in.</subfield>
  </datafield>
  <datafield tag="440" ind1=" " ind2="0">
    <subfield code="a">On a Sunday afternoon ;</subfield>
    <subfield code="v">v. 1</subfield>
  </datafield>
  <datafield tag="500" ind1=" " ind2=" ">
    <subfield code="a">Title from container.</subfield>
  </datafield>
  <datafield tag="500" ind1=" " ind2=" ">
    <subfield code="a">Program notes and organ specifications inserted in container.</subfield>
  </datafield>
  <datafield tag="511" ind1="0" ind2=" ">
    <subfield code="a">Erik Wm. Suter, organist.</subfield>
  </datafield>
  <datafield tag="518" ind1=" " ind2=" ">
    <subfield code="a">Recorded live in concert on November 10, 2002.</subfield>
  </datafield>
  <datafield tag="500" ind1=" " ind2=" ">
    <subfield code="a">Compact disc.</subfield>
  </datafield>
  <datafield tag="505" ind1="0" ind2=" ">
    <subfield code="a">Fugue sur le thème du Carillon des Heures de la Cathédrale de Soissons, op. 12 (3:06) -- Scherzo, op. 2 (6:20) -- Suite, op. 5 (23:01) -- Prélude sur l&apos;introit de l&apos;épiphanie (2:34) -- Prélude et fugue sur le nom d&apos;Alain, op. 7 (11:23) -- Prélude, adagio, et choral varié sur le théme du &quot;Veni Creator&quot;, op. 4 (21:25).</subfield>
  </datafield>
  <datafield tag="650" ind1=" " ind2="0">
    <subfield code="a">Organ music.</subfield>
  </datafield>
  <datafield tag="650" ind1=" " ind2="0">
    <subfield code="a">Suites (Organ)</subfield>
  </datafield>
  <datafield tag="650" ind1=" " ind2="0">
    <subfield code="a">Canons, fugues, etc. (Organ)</subfield>
  </datafield>
  <datafield tag="650" ind1=" " ind2="0">
    <subfield code="a">Variations (Organ)</subfield>
  </datafield>
  <datafield tag="650" ind1=" " ind2="0">
    <subfield code="a">Veni Creator Spiritus (Music)</subfield>
  </datafield>
  <datafield tag="700" ind1="1" ind2=" ">
    <subfield code="a">Suter, Erik Wm.</subfield>
    <subfield code="4">prf</subfield>
  </datafield>
  <datafield tag="700" ind1="1" ind2="2">
    <subfield code="a">Duruflé, Maurice,</subfield>
    <subfield code="d">1902-1986.</subfield>
    <subfield code="t">Fugue sur le thème du carillon des heures de la cathédrale de Soissons.</subfield>
  </datafield>
  <datafield tag="700" ind1="1" ind2="2">
    <subfield code="a">Duruflé, Maurice,</subfield>
    <subfield code="d">1902-1986.</subfield>
    <subfield code="t">Scherzo,</subfield>
    <subfield code="m">organ,</subfield>
    <subfield code="n">op. 2.</subfield>
  </datafield>
  <datafield tag="700" ind1="1" ind2="2">
    <subfield code="a">Duruflé, Maurice,</subfield>
    <subfield code="d">1902-1986.</subfield>
    <subfield code="t">Suite,</subfield>
    <subfield code="m">organ,</subfield>
    <subfield code="n">op. 5.</subfield>
  </datafield>
  <datafield tag="700" ind1="1" ind2="2">
    <subfield code="a">Duruflé, Maurice,</subfield>
    <subfield code="d">1902-1986.</subfield>
    <subfield code="t">Prélude sur l&apos;introit de l&apos;Épiphanie.</subfield>
  </datafield>
  <datafield tag="700" ind1="1" ind2="2">
    <subfield code="a">Duruflé, Maurice,</subfield>
    <subfield code="d">1902-1986.</subfield>
    <subfield code="t">Prélude et fugue sur le nom d&apos;Alain.</subfield>
  </datafield>
  <datafield tag="700" ind1="1" ind2="2">
    <subfield code="a">Duruflé, Maurice,</subfield>
    <subfield code="d">1902-1986.</subfield>
    <subfield code="t">Prélude, adagio et choral varié sur le thème du Veni Creator.</subfield>
  </datafield>
  <datafield tag="985" ind1=" " ind2=" ">
    <subfield code="a">smcd</subfield>
    <subfield code="e">cdmv</subfield>
  </datafield>
</record>