
<record>
  <leader>01822cam a2200325 a 4500</leader>
  <controlfield tag="001">13934562</controlfield>
  <controlfield tag="005">20200103135623.0</controlfield>
  <controlfield tag="008">050419s2006    cou      b    001 0 eng  </controlfield>
  <datafield tag="906" ind1=" " ind2=" ">
    <subfield code="a">7</subfield>
    <subfield code="b">cbc</subfield>
    <subfield code="c">orignew</subfield>
    <subfield code="d">1</subfield>
    <subfield code="e">ecip</subfield>
    <subfield code="f">20</subfield>
    <subfield code="g">y-gencatlg</subfield>
  </datafield>
  <datafield tag="925" ind1="0" ind2=" ">
    <subfield code="a">acquire</subfield>
    <subfield code="b">1 shelf copy</subfield>
    <subfield code="x">policy default</subfield>
  </datafield>
  <datafield tag="955" ind1=" " ind2=" ">
    <subfield code="a">sg29 2005-04-19</subfield>
    <subfield code="c">sg29 2005-04-19</subfield>
    <subfield code="d">sg17 2005-04-20</subfield>
    <subfield code="e">sg11 2005-04-20 to Dewey</subfield>
    <subfield code="a">aa04 2005-04-25</subfield>
    <subfield code="a">ps10 2005-12-01 bk rec&apos;d, to CIP ver.</subfield>
    <subfield code="f">sg12 2005-12-02</subfield>
    <subfield code="g">sg12 2005-12-02 to LL</subfield>
    <subfield code="a">SG27 2006-04-14 copy 2 added</subfield>
    <subfield code="a">jf00 2006-12-26</subfield>
  </datafield>
  <datafield tag="010" ind1=" " ind2=" ">
    <subfield code="a">  2005011010</subfield>
  </datafield>
  <datafield tag="020" ind1=" " ind2=" ">
    <subfield code="a">1588263630 (hardcover : alk. paper)</subfield>
  </datafield>
  <datafield tag="040" ind1=" " ind2=" ">
    <subfield code="a">DLC</subfield>
    <subfield code="c">DLC</subfield>
    <subfield code="d">DLC</subfield>
  </datafield>
  <datafield tag="042" ind1=" " ind2=" ">
    <subfield code="a">pcc</subfield>
  </datafield>
  <datafield tag="050" ind1="0" ind2="0">
    <subfield code="a">K1401</subfield>
    <subfield code="b">.M393 2006</subfield>
  </datafield>
  <datafield tag="082" ind1="0" ind2="0">
    <subfield code="a">346.04/8/09</subfield>
    <subfield code="2">22</subfield>
  </datafield>
  <datafield tag="100" ind1="1" ind2=" ">
    <subfield code="a">May, Christopher,</subfield>
    <subfield code="d">1960-</subfield>
  </datafield>
  <datafield tag="245" ind1="1" ind2="0">
    <subfield code="a">Intellectual property rights :</subfield>
    <subfield code="b">a critical history /</subfield>
    <subfield code="c">Christopher May, Susan K. Sell.</subfield>
  </datafield>
  <datafield tag="260" ind1=" " ind2=" ">
    <subfield code="a">Boulder, Colo. :</subfield>
    <subfield code="b">Lynne Rienner Publishers,</subfield>
    <subfield code="c">c2006.</subfield>
  </datafield>
  <datafield tag="300" ind1=" " ind2=" ">
    <subfield code="a">ix, 253 p. ;</subfield>
    <subfield code="c">24 cm.</subfield>
  </datafield>
  <datafield tag="440" ind1=" " ind2="0">
    <subfield code="a">Ipolitics</subfield>
  </datafield>
  <datafield tag="504" ind1=" " ind2=" ">
    <subfield code="a">Includes bibliographical references (p. 221-239) and index.</subfield>
  </datafield>
  <datafield tag="505" ind1="0" ind2=" ">
    <subfield code="a">Why you need to know about intellectual property -- Ideas and technology -- The emergence of intellectual property rights -- Commerce vs. romantic notions of authorship and invention -- The nineteenth century : technological development and international law -- The twentieth century : intellectual property rights consolidated -- The twenty-first century : TRIPS and beyond -- Forgetting history is not an option.</subfield>
  </datafield>
  <datafield tag="650" ind1=" " ind2="0">
    <subfield code="a">Intellectual property</subfield>
    <subfield code="x">History.</subfield>
  </datafield>
  <datafield tag="650" ind1=" " ind2="0">
    <subfield code="a">Intellectual property</subfield>
    <subfield code="x">Political aspects.</subfield>
  </datafield>
  <datafield tag="650" ind1=" " ind2="0">
    <subfield code="a">Intellectual property</subfield>
    <subfield code="x">Social aspects.</subfield>
  </datafield>
  <datafield tag="700" ind1="1" ind2=" ">
    <subfield code="a">Sell, Susan K.</subfield>
  </datafield>
  <datafield tag="856" ind1="4" ind2="1">
    <subfield code="3">Table of contents</subfield>
    <subfield code="u">http://www.loc.gov/catdir/toc/ecip0511/2005011010.html</subfield>
  </datafield>
  <datafield tag="856" ind1="4" ind2="2">
    <subfield code="3">Book review (H-Net)</subfield>
    <subfield code="u">http://www.h-net.org/reviews/showrev.php?id=22464</subfield>
  </datafield>
</record>