
<record>
  <leader>01102ccm a22002774a 4500</leader>
  <controlfield tag="001">14099814</controlfield>
  <controlfield tag="005">20200103130947.0</controlfield>
  <controlfield tag="008">050907s2003    sz dva|  bei   n  | zxx  </controlfield>
  <datafield tag="906" ind1=" " ind2=" ">
    <subfield code="a">7</subfield>
    <subfield code="b">cbc</subfield>
    <subfield code="c">origres</subfield>
    <subfield code="d">3</subfield>
    <subfield code="e">ncip</subfield>
    <subfield code="f">20</subfield>
    <subfield code="g">y-genmusic</subfield>
  </datafield>
  <datafield tag="925" ind1="0" ind2=" ">
    <subfield code="a">acquire</subfield>
    <subfield code="b">2 shelf copies</subfield>
    <subfield code="x">policy default</subfield>
  </datafield>
  <datafield tag="955" ind1=" " ind2=" ">
    <subfield code="a">of04 2005-09-07 z-processor</subfield>
    <subfield code="a">vl00 2009-01-30</subfield>
    <subfield code="i">vl31 2009-01-30</subfield>
    <subfield code="e">vl31 2009-01-30 to Music Div.</subfield>
  </datafield>
  <datafield tag="010" ind1=" " ind2=" ">
    <subfield code="a">  2005458952</subfield>
  </datafield>
  <datafield tag="024" ind1="2" ind2=" ">
    <subfield code="a">M700224080</subfield>
  </datafield>
  <datafield tag="040" ind1=" " ind2=" ">
    <subfield code="a">DLC</subfield>
    <subfield code="c">DLC</subfield>
  </datafield>
  <datafield tag="041" ind1="0" ind2=" ">
    <subfield code="g">ger</subfield>
  </datafield>
  <datafield tag="050" ind1="0" ind2="0">
    <subfield code="a">M857.F47</subfield>
    <subfield code="b">D5 2003</subfield>
  </datafield>
  <datafield tag="100" ind1="1" ind2=" ">
    <subfield code="a">Fiala, Joseph,</subfield>
    <subfield code="d">1748-1816.</subfield>
  </datafield>
  <datafield tag="240" ind1="1" ind2="0">
    <subfield code="a">Divertimenti,</subfield>
    <subfield code="m">oboes (2), clarinets (2), horns (2), bassoon,</subfield>
    <subfield code="n">WV 5.84,</subfield>
    <subfield code="r">B♭ major</subfield>
  </datafield>
  <datafield tag="245" ind1="1" ind2="0">
    <subfield code="a">Divertimento VI :</subfield>
    <subfield code="b">&quot;Pastorale&quot; : für Bläseroktett /</subfield>
    <subfield code="c">Joseph Fiala ; herausgegeben von Harald Strebel.</subfield>
  </datafield>
  <datafield tag="260" ind1=" " ind2=" ">
    <subfield code="a">Zürich :</subfield>
    <subfield code="b">Aart Verlag,</subfield>
    <subfield code="c">c2003.</subfield>
  </datafield>
  <datafield tag="300" ind1=" " ind2=" ">
    <subfield code="a">1 score (14 p.) ;</subfield>
    <subfield code="c">30 cm.</subfield>
  </datafield>
  <datafield tag="500" ind1=" " ind2=" ">
    <subfield code="a">For 2 oboes, 2 clarinets, 2 bassoons, and 2 horns.</subfield>
  </datafield>
  <datafield tag="500" ind1=" " ind2=" ">
    <subfield code="a">Pref. in German.</subfield>
  </datafield>
  <datafield tag="650" ind1=" " ind2="0">
    <subfield code="a">Suites (Bassoons (2), clarinets (2), horns (2), oboes (2))</subfield>
    <subfield code="v">Scores.</subfield>
  </datafield>
  <datafield tag="700" ind1="1" ind2=" ">
    <subfield code="a">Strebel, Harald.</subfield>
  </datafield>
  <datafield tag="923" ind1=" " ind2=" ">
    <subfield code="d">20050822</subfield>
    <subfield code="n">0326610</subfield>
    <subfield code="s">93001286</subfield>
  </datafield>
</record>