
<record>
  <leader>01078cam a22002651  4500</leader>
  <controlfield tag="001">14239641</controlfield>
  <controlfield tag="005">20200103104942.0</controlfield>
  <controlfield tag="008">060124s1924    mauch         000 0 eng  </controlfield>
  <datafield tag="906" ind1=" " ind2=" ">
    <subfield code="a">0</subfield>
    <subfield code="b">cbc</subfield>
    <subfield code="c">premunv</subfield>
    <subfield code="d">u</subfield>
    <subfield code="e">ncip</subfield>
    <subfield code="f">19</subfield>
    <subfield code="g">y-gencatlg</subfield>
  </datafield>
  <datafield tag="955" ind1=" " ind2=" ">
    <subfield code="a">bi00 2006-01-24; th10 04-07-2006</subfield>
  </datafield>
  <datafield tag="010" ind1=" " ind2=" ">
    <subfield code="a">   24020663 </subfield>
  </datafield>
  <datafield tag="040" ind1=" " ind2=" ">
    <subfield code="a">DLC</subfield>
    <subfield code="c">DLC</subfield>
    <subfield code="d">DLC</subfield>
  </datafield>
  <datafield tag="050" ind1="0" ind2="0">
    <subfield code="a">R705</subfield>
    <subfield code="b">.L6</subfield>
  </datafield>
  <datafield tag="100" ind1="1" ind2=" ">
    <subfield code="a">Lindsey, John Hathaway,</subfield>
    <subfield code="d">1870-</subfield>
    <subfield code="e">comp. </subfield>
  </datafield>
  <datafield tag="245" ind1="1" ind2="0">
    <subfield code="a">Medical quotations from English prose</subfield>
    <subfield code="c">[by] John H. Lindsey.</subfield>
  </datafield>
  <datafield tag="260" ind1=" " ind2=" ">
    <subfield code="a">Boston,</subfield>
    <subfield code="b">R.G. Badger</subfield>
    <subfield code="c">[c1924]</subfield>
  </datafield>
  <datafield tag="300" ind1=" " ind2=" ">
    <subfield code="a">298 p.</subfield>
    <subfield code="b">front., ports., facsim.</subfield>
    <subfield code="c">22 cm.</subfield>
  </datafield>
  <datafield tag="505" ind1="0" ind2=" ">
    <subfield code="a">Sir John Mandeville.--Sir Thomas More.--Francis Bacon.--Robert Burton.--Sir Thomas Browne.--Samuel Pepys.--Jonathan Swift.--George Berkeley.--Laurence Sterne.</subfield>
  </datafield>
  <datafield tag="530" ind1=" " ind2=" ">
    <subfield code="a">Also available in digital form.</subfield>
  </datafield>
  <datafield tag="540" ind1=" " ind2=" ">
    <subfield code="a">No known restrictions; no copyright renewal found, Jan 03 2020</subfield>
  </datafield>
  <datafield tag="650" ind1=" " ind2="0">
    <subfield code="a">Medicine</subfield>
    <subfield code="v">Anecdotes.</subfield>
  </datafield>
  <datafield tag="650" ind1=" " ind2="0">
    <subfield code="a">Quotations, English.</subfield>
  </datafield>
  <datafield tag="856" ind1="4" ind2="1">
    <subfield code="u">http://hdl.loc.gov/loc.gdc/scd0001.00171003945</subfield>
  </datafield>
  <datafield tag="984" ind1=" " ind2=" ">
    <subfield code="b">Record input for BIP</subfield>
  </datafield>
  <datafield tag="985" ind1=" " ind2=" ">
    <subfield code="a">massdig</subfield>
    <subfield code="e">iagc</subfield>
  </datafield>
</record>