
<record>
  <leader>03210cjm a2200553 a 4500</leader>
  <controlfield tag="001">14352751</controlfield>
  <controlfield tag="005">20200103155401.0</controlfield>
  <controlfield tag="007">sd fsngnnmmned</controlfield>
  <controlfield tag="008">060425p20052003nyusgn|  dfi      | ger d</controlfield>
  <datafield tag="906" ind1=" " ind2=" ">
    <subfield code="a">7</subfield>
    <subfield code="b">cbc</subfield>
    <subfield code="c">copycat</subfield>
    <subfield code="d">2</subfield>
    <subfield code="e">ncip</subfield>
    <subfield code="f">20</subfield>
    <subfield code="g">y-genmusic</subfield>
  </datafield>
  <datafield tag="925" ind1="0" ind2=" ">
    <subfield code="a">acquire</subfield>
    <subfield code="b">2 shelf copies</subfield>
    <subfield code="x">policy default</subfield>
  </datafield>
  <datafield tag="955" ind1=" " ind2=" ">
    <subfield code="a">vl28 2006-04-25 z-client</subfield>
    <subfield code="i">vl28 2006-04-25</subfield>
    <subfield code="e">vl28 2006-07-17 copy 2 to MBRS/RS</subfield>
  </datafield>
  <datafield tag="010" ind1=" " ind2=" ">
    <subfield code="a">  2006568980</subfield>
  </datafield>
  <datafield tag="024" ind1="1" ind2=" ">
    <subfield code="a">090404916823</subfield>
  </datafield>
  <datafield tag="028" ind1="0" ind2="2">
    <subfield code="a">9168 A/B (set)</subfield>
    <subfield code="b">Bridge</subfield>
  </datafield>
  <datafield tag="028" ind1="0" ind2="2">
    <subfield code="a">9168A (disc 1)</subfield>
    <subfield code="b">Bridge</subfield>
  </datafield>
  <datafield tag="028" ind1="0" ind2="2">
    <subfield code="a">9168B (disc 2)</subfield>
    <subfield code="b">Bridge</subfield>
  </datafield>
  <datafield tag="035" ind1=" " ind2=" ">
    <subfield code="a">(OCoLC)ocm61458331</subfield>
  </datafield>
  <datafield tag="040" ind1=" " ind2=" ">
    <subfield code="a">MTG</subfield>
    <subfield code="c">MTG</subfield>
    <subfield code="d">INU</subfield>
    <subfield code="d">DLC</subfield>
  </datafield>
  <datafield tag="041" ind1="1" ind2=" ">
    <subfield code="d">ger</subfield>
    <subfield code="d">fre</subfield>
    <subfield code="d">pol</subfield>
    <subfield code="d">swe</subfield>
    <subfield code="h">pol</subfield>
    <subfield code="e">ger</subfield>
    <subfield code="e">fre</subfield>
    <subfield code="e">pol</subfield>
    <subfield code="e">swe</subfield>
    <subfield code="e">eng</subfield>
    <subfield code="h">ger</subfield>
    <subfield code="h">fre</subfield>
    <subfield code="h">pol</subfield>
    <subfield code="h">swe</subfield>
    <subfield code="g">eng</subfield>
  </datafield>
  <datafield tag="042" ind1=" " ind2=" ">
    <subfield code="a">lccopycat</subfield>
  </datafield>
  <datafield tag="050" ind1="0" ind2="0">
    <subfield code="a">SDB 38459</subfield>
  </datafield>
  <datafield tag="100" ind1="1" ind2=" ">
    <subfield code="a">Resick, Georgine.</subfield>
    <subfield code="4">prf</subfield>
  </datafield>
  <datafield tag="245" ind1="1" ind2="0">
    <subfield code="a">Visions intérieures</subfield>
    <subfield code="h">[sound recording] :</subfield>
    <subfield code="b">the developing song cycle.</subfield>
  </datafield>
  <datafield tag="246" ind1="3" ind2="0">
    <subfield code="a">Developing song cycle</subfield>
  </datafield>
  <datafield tag="260" ind1=" " ind2=" ">
    <subfield code="a">New Rochelle, N.Y. :</subfield>
    <subfield code="b">Bridge,</subfield>
    <subfield code="c">p2005.</subfield>
  </datafield>
  <datafield tag="300" ind1=" " ind2=" ">
    <subfield code="a">2 sound discs :</subfield>
    <subfield code="b">digital ;</subfield>
    <subfield code="c">4 3/4 in.</subfield>
  </datafield>
  <datafield tag="546" ind1=" " ind2=" ">
    <subfield code="a">Sung in German, French, Polish, or Swedish.</subfield>
  </datafield>
  <datafield tag="511" ind1="0" ind2=" ">
    <subfield code="a">Georgine Resick, soprano ; Warren Jones, piano ; Andrew Willis, fortepiano.</subfield>
  </datafield>
  <datafield tag="518" ind1=" " ind2=" ">
    <subfield code="a">Recorded May 26-28 and July 28-30, 2003, Music School, University of North Carolina, Greensboro (Disc A) and June 11-13 and 15-16, 2003, Recital Hall, Performing Arts Center, SUNY Purchase, N.Y. (Disc B).</subfield>
  </datafield>
  <datafield tag="500" ind1=" " ind2=" ">
    <subfield code="a">Compact discs.</subfield>
  </datafield>
  <datafield tag="500" ind1=" " ind2=" ">
    <subfield code="a">Program notes in English and texts with English translations ([67] p. : ill.) inserted in container.</subfield>
  </datafield>
  <datafield tag="505" ind1="0" ind2=" ">
    <subfield code="a">Disc A: -- The early German song cycle. Wander lieder / Kreutzer (18:46) ; Brautlieder / Cornelius (15:05) ; Sechs deutsche Lieder / Thalberg (14:12) ; Gesänge aus dem spanischen Liederbuch / Jensen (17:27) ; Die temperamente bei dem Verluste der Geliebten / Weber (13:19) -- Disc B: -- The wanderer : the song cycle in migration. Robaiyat de Omar Khayam / Cras (9:16) ; Bunte Lieder : op. 22 / Szymanowski (11:14) ; Four sonnets : op. 48 / Cui (10:31) ; Trois chansons from &quot;The little mermaid&quot; / Honegger (2:27) ; Hafvets sommar / Rangström (18:38) ; Keepsake / Malipiero (5:01) ; Feuille au vent / Paladilhe (19:26).</subfield>
  </datafield>
  <datafield tag="650" ind1=" " ind2="0">
    <subfield code="a">Song cycles.</subfield>
  </datafield>
  <datafield tag="650" ind1=" " ind2="0">
    <subfield code="a">Songs (High voice) with piano.</subfield>
  </datafield>
  <datafield tag="700" ind1="1" ind2=" ">
    <subfield code="a">Jones, Warren,</subfield>
    <subfield code="d">1951-</subfield>
    <subfield code="4">prf</subfield>
  </datafield>
  <datafield tag="700" ind1="1" ind2=" ">
    <subfield code="a">Willis, Andrew,</subfield>
    <subfield code="d">1950-</subfield>
    <subfield code="4">prf</subfield>
  </datafield>
  <datafield tag="700" ind1="1" ind2="2">
    <subfield code="a">Kreutzer, Conradin,</subfield>
    <subfield code="d">1780-1849.</subfield>
    <subfield code="t">Wander Lieder.</subfield>
  </datafield>
  <datafield tag="700" ind1="1" ind2="2">
    <subfield code="a">Cornelius, Peter,</subfield>
    <subfield code="d">1824-1874.</subfield>
    <subfield code="t">Brautlieder.</subfield>
  </datafield>
  <datafield tag="700" ind1="1" ind2="2">
    <subfield code="a">Thalberg, Sigismond,</subfield>
    <subfield code="d">1812-1871.</subfield>
    <subfield code="t">Deutsche Lieder</subfield>
    <subfield code="n">(1833)</subfield>
  </datafield>
  <datafield tag="700" ind1="1" ind2="2">
    <subfield code="a">Jensen, Adolf,</subfield>
    <subfield code="d">1837-1879.</subfield>
    <subfield code="t">Gesänge aus dem spanischen Liederbuch,</subfield>
    <subfield code="n">op. 4.</subfield>
  </datafield>
  <datafield tag="700" ind1="1" ind2="2">
    <subfield code="a">Weber, Carl Maria von,</subfield>
    <subfield code="d">1786-1826.</subfield>
    <subfield code="t">Temperamente beim Verluste der Geliebten.</subfield>
  </datafield>
  <datafield tag="700" ind1="1" ind2="2">
    <subfield code="a">Cras, Jean,</subfield>
    <subfield code="d">1879-1932.</subfield>
    <subfield code="t">Robaïyat de Omar Khayyam.</subfield>
  </datafield>
  <datafield tag="700" ind1="1" ind2="2">
    <subfield code="a">Szymanowski, Karol,</subfield>
    <subfield code="d">1882-1937.</subfield>
    <subfield code="t">Barwne pieśni.</subfield>
    <subfield code="l">German.</subfield>
  </datafield>
  <datafield tag="700" ind1="1" ind2="2">
    <subfield code="a">Cui, César,</subfield>
    <subfield code="d">1835-1918.</subfield>
    <subfield code="t">Sonety.</subfield>
  </datafield>
  <datafield tag="700" ind1="1" ind2="2">
    <subfield code="a">Honegger, Arthur,</subfield>
    <subfield code="d">1892-1955.</subfield>
    <subfield code="t">Chansons de la petite sirène.</subfield>
  </datafield>
  <datafield tag="700" ind1="1" ind2="2">
    <subfield code="a">Rangström, Ture,</subfield>
    <subfield code="d">1884-1947.</subfield>
    <subfield code="t">Hafvets sommar.</subfield>
  </datafield>
  <datafield tag="700" ind1="1" ind2="2">
    <subfield code="a">Malipiero, Gian Francesco,</subfield>
    <subfield code="d">1882-1973.</subfield>
    <subfield code="t">Keepsake.</subfield>
  </datafield>
  <datafield tag="700" ind1="1" ind2="2">
    <subfield code="a">Paladilhe, Emile,</subfield>
    <subfield code="d">1844-1926.</subfield>
    <subfield code="t">Feuilles au vent,</subfield>
    <subfield code="n">2. sér.</subfield>
  </datafield>
</record>