
<record>
  <leader>01433cam a22003134a 4500</leader>
  <controlfield tag="001">14429829</controlfield>
  <controlfield tag="005">20200103130959.0</controlfield>
  <controlfield tag="008">060627s2006    enk      b    001 0 eng  </controlfield>
  <datafield tag="906" ind1=" " ind2=" ">
    <subfield code="a">7</subfield>
    <subfield code="b">cbc</subfield>
    <subfield code="c">orignew</subfield>
    <subfield code="d">1</subfield>
    <subfield code="e">ocip</subfield>
    <subfield code="f">20</subfield>
    <subfield code="g">y-gencatlg</subfield>
  </datafield>
  <datafield tag="925" ind1="0" ind2=" ">
    <subfield code="a">acquire</subfield>
    <subfield code="b">1 shelf copy</subfield>
    <subfield code="x">policy default</subfield>
  </datafield>
  <datafield tag="955" ind1=" " ind2=" ">
    <subfield code="a">pc21 2006-06-27</subfield>
    <subfield code="d">sg17 2006-06-28</subfield>
    <subfield code="c">sg77 2006-06-28</subfield>
    <subfield code="e">sg77 2006-06-28 to Dewey</subfield>
    <subfield code="a">aa05 2006-06-29</subfield>
    <subfield code="a">ps04 2007-03-14 1 copy rec&apos;d., to CIP ver.</subfield>
    <subfield code="f">sg11 2007-03-20 Z-CipVer</subfield>
    <subfield code="g">sg11 2007-03-20 to LL</subfield>
    <subfield code="a">sg14 2007-05-17 copy 2 added</subfield>
  </datafield>
  <datafield tag="010" ind1=" " ind2=" ">
    <subfield code="a">  2006048431</subfield>
  </datafield>
  <datafield tag="020" ind1=" " ind2=" ">
    <subfield code="a">0754626164 (alk. paper)</subfield>
  </datafield>
  <datafield tag="020" ind1=" " ind2=" ">
    <subfield code="a">9780754626169 (alk. paper)</subfield>
  </datafield>
  <datafield tag="035" ind1=" " ind2=" ">
    <subfield code="a">(OCoLC)ocm70230759</subfield>
  </datafield>
  <datafield tag="040" ind1=" " ind2=" ">
    <subfield code="a">DLC</subfield>
    <subfield code="c">DLC</subfield>
    <subfield code="d">BAKER</subfield>
    <subfield code="d">BTCTA</subfield>
    <subfield code="d">BWKUK</subfield>
    <subfield code="d">YDXCP</subfield>
    <subfield code="d">YDX</subfield>
    <subfield code="d">DLC</subfield>
  </datafield>
  <datafield tag="050" ind1="0" ind2="0">
    <subfield code="a">K5001</subfield>
    <subfield code="b">.C75 2006</subfield>
  </datafield>
  <datafield tag="082" ind1="0" ind2="0">
    <subfield code="a">345/.01</subfield>
    <subfield code="2">22</subfield>
  </datafield>
  <datafield tag="245" ind1="0" ind2="0">
    <subfield code="a">Criminal courts /</subfield>
    <subfield code="c">edited by Jo Dixon, Aaron Kupchik, Joachim J. Savelsberg.</subfield>
  </datafield>
  <datafield tag="260" ind1=" " ind2=" ">
    <subfield code="a">Aldershot, England ;</subfield>
    <subfield code="a">Burlington, VT :</subfield>
    <subfield code="b">Ashgate,</subfield>
    <subfield code="c">c2006.</subfield>
  </datafield>
  <datafield tag="300" ind1=" " ind2=" ">
    <subfield code="a">xxi, 403 p. ;</subfield>
    <subfield code="c">25 cm.</subfield>
  </datafield>
  <datafield tag="490" ind1="1" ind2=" ">
    <subfield code="a">International library of criminology, criminal justice, and penology. Second series</subfield>
  </datafield>
  <datafield tag="504" ind1=" " ind2=" ">
    <subfield code="a">Includes bibliographical references and index.</subfield>
  </datafield>
  <datafield tag="650" ind1=" " ind2="0">
    <subfield code="a">Criminal justice, Administration of</subfield>
    <subfield code="x">Social aspects.</subfield>
  </datafield>
  <datafield tag="650" ind1=" " ind2="0">
    <subfield code="a">Criminal courts</subfield>
    <subfield code="x">Social aspects.</subfield>
  </datafield>
  <datafield tag="700" ind1="1" ind2=" ">
    <subfield code="a">Dixon, Jo.</subfield>
  </datafield>
  <datafield tag="700" ind1="1" ind2=" ">
    <subfield code="a">Kupchik, Aaron.</subfield>
  </datafield>
  <datafield tag="700" ind1="1" ind2=" ">
    <subfield code="a">Savelsberg, Joachim J.,</subfield>
    <subfield code="d">1951-</subfield>
  </datafield>
  <datafield tag="830" ind1=" " ind2="0">
    <subfield code="a">International library of criminology, criminal justice &amp; penology.</subfield>
    <subfield code="n">Second series.</subfield>
  </datafield>
</record>