
<record>
  <leader>01640cam a2200373 a 4500</leader>
  <controlfield tag="001">14430019</controlfield>
  <controlfield tag="005">20200103182014.0</controlfield>
  <controlfield tag="008">050223s2005    enkabf   b    001 0 eng d</controlfield>
  <datafield tag="906" ind1=" " ind2=" ">
    <subfield code="a">7</subfield>
    <subfield code="b">cbc</subfield>
    <subfield code="c">copycat</subfield>
    <subfield code="d">2</subfield>
    <subfield code="e">ncip</subfield>
    <subfield code="f">20</subfield>
    <subfield code="g">y-gencatlg</subfield>
  </datafield>
  <datafield tag="925" ind1="0" ind2=" ">
    <subfield code="a">acquire</subfield>
    <subfield code="b">2 shelf copies</subfield>
    <subfield code="x">policy default</subfield>
  </datafield>
  <datafield tag="955" ind1=" " ind2=" ">
    <subfield code="a">nb05 2006-06-27 to HLCD for processing</subfield>
    <subfield code="c">lk13 2006-07-07 (rev. lk50)</subfield>
    <subfield code="d">lh38 2006-07-17</subfield>
    <subfield code="e">lh38 2006-07-17 to BCCD</subfield>
  </datafield>
  <datafield tag="010" ind1=" " ind2=" ">
    <subfield code="a">  2006411753</subfield>
  </datafield>
  <datafield tag="035" ind1=" " ind2=" ">
    <subfield code="a">(OCoLC)ocm59355898</subfield>
  </datafield>
  <datafield tag="040" ind1=" " ind2=" ">
    <subfield code="a">UKM</subfield>
    <subfield code="c">UKM</subfield>
    <subfield code="d">BAKER</subfield>
    <subfield code="d">DLC</subfield>
  </datafield>
  <datafield tag="042" ind1=" " ind2=" ">
    <subfield code="a">lccopycat</subfield>
  </datafield>
  <datafield tag="015" ind1=" " ind2=" ">
    <subfield code="a">GBA533916</subfield>
    <subfield code="2">bnb</subfield>
  </datafield>
  <datafield tag="016" ind1="7" ind2=" ">
    <subfield code="a">013180527</subfield>
    <subfield code="2">Uk</subfield>
  </datafield>
  <datafield tag="020" ind1=" " ind2=" ">
    <subfield code="a">1844151700</subfield>
  </datafield>
  <datafield tag="043" ind1=" " ind2=" ">
    <subfield code="a">e-uk---</subfield>
  </datafield>
  <datafield tag="050" ind1="0" ind2="0">
    <subfield code="a">DA462.M3</subfield>
    <subfield code="b">F36 2005</subfield>
  </datafield>
  <datafield tag="082" ind1="0" ind2="4">
    <subfield code="a">355.0209033</subfield>
    <subfield code="2">22</subfield>
  </datafield>
  <datafield tag="100" ind1="1" ind2=" ">
    <subfield code="a">Falkner, James</subfield>
    <subfield code="c">(Military historian)</subfield>
  </datafield>
  <datafield tag="245" ind1="1" ind2="0">
    <subfield code="a">Marlborough&apos;s wars :</subfield>
    <subfield code="b">eyewitness accounts, 1702-1713 /</subfield>
    <subfield code="c">James Falkner ; foreword by His Grace the Duke of Marlborough.</subfield>
  </datafield>
  <datafield tag="260" ind1=" " ind2=" ">
    <subfield code="a">Barnsley :</subfield>
    <subfield code="b">Pen &amp; Sword Military,</subfield>
    <subfield code="c">2005.</subfield>
  </datafield>
  <datafield tag="300" ind1=" " ind2=" ">
    <subfield code="a">xiv, 239 p., [8] p. of plates :</subfield>
    <subfield code="b">ill., maps ;</subfield>
    <subfield code="c">24 cm.</subfield>
  </datafield>
  <datafield tag="504" ind1=" " ind2=" ">
    <subfield code="a">Includes bibliographical references (p. [231]-232) and index.</subfield>
  </datafield>
  <datafield tag="600" ind1="1" ind2="0">
    <subfield code="a">Marlborough, John Churchill,</subfield>
    <subfield code="c">Duke of,</subfield>
    <subfield code="d">1650-1722.</subfield>
    <subfield code="x">Military leadership.</subfield>
  </datafield>
  <datafield tag="610" ind1="1" ind2="0">
    <subfield code="a">Great Britain.</subfield>
    <subfield code="b">Army</subfield>
    <subfield code="x">History</subfield>
    <subfield code="y">Spanish Succession, War of, 1701-1714.</subfield>
  </datafield>
  <datafield tag="650" ind1=" " ind2="0">
    <subfield code="a">Military art and science</subfield>
    <subfield code="z">Great Britain</subfield>
    <subfield code="x">History</subfield>
    <subfield code="y">18th century</subfield>
    <subfield code="v">Sources.</subfield>
  </datafield>
  <datafield tag="651" ind1=" " ind2="0">
    <subfield code="a">Great Britain</subfield>
    <subfield code="x">History, Military</subfield>
    <subfield code="y">1603-1714</subfield>
    <subfield code="v">Sources.</subfield>
  </datafield>
  <datafield tag="650" ind1=" " ind2="0">
    <subfield code="a">Spanish Succession, War of, 1701-1714</subfield>
    <subfield code="v">Sources.</subfield>
  </datafield>
  <datafield tag="650" ind1=" " ind2="0">
    <subfield code="a">Military history, Modern</subfield>
    <subfield code="y">18th century.</subfield>
  </datafield>
  <datafield tag="856" ind1="4" ind2="1">
    <subfield code="3">Table of contents only</subfield>
    <subfield code="u">http://www.loc.gov/catdir/toc/fy0611/2006411753.html</subfield>
  </datafield>
  <datafield tag="923" ind1=" " ind2=" ">
    <subfield code="a">copyright</subfield>
  </datafield>
</record>