
<record>
  <leader>01853ccm a2200373 a 4500</leader>
  <controlfield tag="001">14676076</controlfield>
  <controlfield tag="005">20200103083441.0</controlfield>
  <controlfield tag="008">061219s2005    wiuhya|        n  | eng d</controlfield>
  <datafield tag="906" ind1=" " ind2=" ">
    <subfield code="a">7</subfield>
    <subfield code="b">cbc</subfield>
    <subfield code="c">copycat</subfield>
    <subfield code="d">3</subfield>
    <subfield code="e">ncip</subfield>
    <subfield code="f">20</subfield>
    <subfield code="g">y-genmusic</subfield>
  </datafield>
  <datafield tag="925" ind1="0" ind2=" ">
    <subfield code="a">Acquire</subfield>
    <subfield code="b">1 shelf copy</subfield>
    <subfield code="x">policy default</subfield>
  </datafield>
  <datafield tag="925" ind1="0" ind2=" ">
    <subfield code="a">acquire</subfield>
    <subfield code="b">2 shelf copies</subfield>
    <subfield code="x">policy default</subfield>
  </datafield>
  <datafield tag="955" ind1=" " ind2=" ">
    <subfield code="a">vk03 2006-12-19 z-client</subfield>
    <subfield code="i">vk03 2006-12-19</subfield>
    <subfield code="e">vk05 2006-12-20 to Music Division 2 copies</subfield>
  </datafield>
  <datafield tag="010" ind1=" " ind2=" ">
    <subfield code="a">  2006563878</subfield>
  </datafield>
  <datafield tag="020" ind1=" " ind2=" ">
    <subfield code="a">0634073869</subfield>
  </datafield>
  <datafield tag="024" ind1="1" ind2=" ">
    <subfield code="a">073999876079</subfield>
  </datafield>
  <datafield tag="024" ind1="3" ind2=" ">
    <subfield code="a">9780634073861</subfield>
  </datafield>
  <datafield tag="028" ind1="3" ind2="2">
    <subfield code="a">HL00311250</subfield>
    <subfield code="b">Hal Leonard Corp.</subfield>
  </datafield>
  <datafield tag="035" ind1=" " ind2=" ">
    <subfield code="a">(OCoLC)ocm69180007</subfield>
  </datafield>
  <datafield tag="035" ind1=" " ind2=" ">
    <subfield code="a">(OCoLC)69180007</subfield>
  </datafield>
  <datafield tag="040" ind1=" " ind2=" ">
    <subfield code="a">IMD</subfield>
    <subfield code="c">IMD</subfield>
    <subfield code="d">DLC</subfield>
  </datafield>
  <datafield tag="042" ind1=" " ind2=" ">
    <subfield code="a">lccopycat</subfield>
  </datafield>
  <datafield tag="050" ind1="0" ind2="0">
    <subfield code="a">M38.3</subfield>
    <subfield code="b">.E</subfield>
  </datafield>
  <datafield tag="245" ind1="0" ind2="0">
    <subfield code="a">Easy hymns :</subfield>
    <subfield code="b">20 timeless hymns /</subfield>
    <subfield code="c">arranged by Phillip Keveren.</subfield>
  </datafield>
  <datafield tag="260" ind1=" " ind2=" ">
    <subfield code="a">Milwaukee, WI :</subfield>
    <subfield code="b">Hal Leonard Corp.,</subfield>
    <subfield code="c">c2005.</subfield>
  </datafield>
  <datafield tag="300" ind1=" " ind2=" ">
    <subfield code="a">1 score (47 p.) ;</subfield>
    <subfield code="c">31 cm.</subfield>
  </datafield>
  <datafield tag="440" ind1=" " ind2="4">
    <subfield code="a">The Phillip Keveren series.</subfield>
    <subfield code="p">Beginning piano solos</subfield>
  </datafield>
  <datafield tag="500" ind1=" " ind2=" ">
    <subfield code="a">Title from cover.</subfield>
  </datafield>
  <datafield tag="500" ind1=" " ind2=" ">
    <subfield code="a">Piano; includes the words.</subfield>
  </datafield>
  <datafield tag="521" ind1="8" ind2=" ">
    <subfield code="a">&quot;Piano level: elementary (HLSPL level 2-3).&quot;</subfield>
  </datafield>
  <datafield tag="505" ind1="0" ind2="0">
    <subfield code="t">All hail the power of Jesus&apos; name --</subfield>
    <subfield code="t">Be still my soul --</subfield>
    <subfield code="t">Be thou my vision --</subfield>
    <subfield code="t">The church&apos;s one foundation --</subfield>
    <subfield code="t">Come, thou fount of every blessing --</subfield>
    <subfield code="t">Come, thou long-expected Jesus --</subfield>
    <subfield code="t">Faith of our fathers --</subfield>
    <subfield code="t">He leadeth me --</subfield>
    <subfield code="t">How firm a foundation --</subfield>
    <subfield code="t">I surrender all --</subfield>
    <subfield code="t">Joyful, joyful we adore thee --</subfield>
    <subfield code="t">Nearer, my God, to thee --</subfield>
    <subfield code="t">Praise to the Lord, the almighty --</subfield>
    <subfield code="t">Rejoice, the Lord is king --</subfield>
    <subfield code="t">Rock of ages --</subfield>
    <subfield code="t">A shelter in the time of storm --</subfield>
    <subfield code="t">Softly and tenderly --</subfield>
    <subfield code="t">Stand up, stand up for Jesus --</subfield>
    <subfield code="t">&apos;Tis so sweet to trust in Jesus --</subfield>
    <subfield code="t">Trust and obey.</subfield>
  </datafield>
  <datafield tag="650" ind1=" " ind2="0">
    <subfield code="a">Piano music, Arranged</subfield>
    <subfield code="v">Simplified editions.</subfield>
  </datafield>
  <datafield tag="650" ind1=" " ind2="0">
    <subfield code="a">Hymns, English.</subfield>
  </datafield>
  <datafield tag="650" ind1=" " ind2="0">
    <subfield code="a">Hymns</subfield>
    <subfield code="v">Instrumental settings.</subfield>
  </datafield>
  <datafield tag="700" ind1="1" ind2=" ">
    <subfield code="a">Keveren, Phillip.</subfield>
    <subfield code="4">arr</subfield>
  </datafield>
</record>