
<record>
  <leader>02594ccm a2200409 a 4500</leader>
  <controlfield tag="001">14709031</controlfield>
  <controlfield tag="005">20200103160247.0</controlfield>
  <controlfield tag="008">070124s2001    moumuz|  hi    n  | zxx d</controlfield>
  <datafield tag="906" ind1=" " ind2=" ">
    <subfield code="a">7</subfield>
    <subfield code="b">cbc</subfield>
    <subfield code="c">copycat</subfield>
    <subfield code="d">3</subfield>
    <subfield code="e">ncip</subfield>
    <subfield code="f">20</subfield>
    <subfield code="g">y-genmusic</subfield>
  </datafield>
  <datafield tag="925" ind1="0" ind2=" ">
    <subfield code="a">acquire</subfield>
    <subfield code="b">1 shelf copy</subfield>
    <subfield code="x">policy default</subfield>
  </datafield>
  <datafield tag="955" ind1=" " ind2=" ">
    <subfield code="a">vl22 2007-01-24 z-client</subfield>
    <subfield code="i">vl22 2007-01-24</subfield>
    <subfield code="e">vl22 2007-01-24 SR to MBRS</subfield>
    <subfield code="e">vn34 2007-02-08 to BCCD</subfield>
    <subfield code="c">vl16 2008-08-19 c. 2 added</subfield>
    <subfield code="e">vl16 2008-08-19 accompanying sound recording of c. 2 to MBRS for shelf label</subfield>
    <subfield code="e">vk05 2008-08-20 to BCCD c. 2</subfield>
  </datafield>
  <datafield tag="010" ind1=" " ind2=" ">
    <subfield code="a">  2007561039</subfield>
  </datafield>
  <datafield tag="020" ind1=" " ind2=" ">
    <subfield code="a">0786641215</subfield>
  </datafield>
  <datafield tag="024" ind1="1" ind2=" ">
    <subfield code="a">796279055628</subfield>
  </datafield>
  <datafield tag="024" ind1="3" ind2=" ">
    <subfield code="a">9780786641215</subfield>
  </datafield>
  <datafield tag="028" ind1="3" ind2="2">
    <subfield code="a">MB97843BCD</subfield>
    <subfield code="b">Mel Bay Publications</subfield>
  </datafield>
  <datafield tag="035" ind1=" " ind2=" ">
    <subfield code="a">(OCoLC)ocm48548942</subfield>
  </datafield>
  <datafield tag="035" ind1=" " ind2=" ">
    <subfield code="a">(OCoLC)48548942</subfield>
  </datafield>
  <datafield tag="040" ind1=" " ind2=" ">
    <subfield code="a">LRU</subfield>
    <subfield code="c">LRU</subfield>
    <subfield code="d">OCLCQ</subfield>
    <subfield code="d">BAKER</subfield>
    <subfield code="d">DLC</subfield>
  </datafield>
  <datafield tag="041" ind1="0" ind2=" ">
    <subfield code="g">eng</subfield>
  </datafield>
  <datafield tag="042" ind1=" " ind2=" ">
    <subfield code="a">lccopycat</subfield>
  </datafield>
  <datafield tag="043" ind1=" " ind2=" ">
    <subfield code="a">cl-----</subfield>
  </datafield>
  <datafield tag="047" ind1=" " ind2=" ">
    <subfield code="a">pp</subfield>
    <subfield code="a">wz</subfield>
    <subfield code="a">df</subfield>
  </datafield>
  <datafield tag="048" ind1=" " ind2=" ">
    <subfield code="a">tb01</subfield>
  </datafield>
  <datafield tag="050" ind1="0" ind2="0">
    <subfield code="a">M125</subfield>
    <subfield code="b">.M86 2001</subfield>
  </datafield>
  <datafield tag="245" ind1="0" ind2="0">
    <subfield code="a">Music of Latin America :</subfield>
    <subfield code="b">for acoustic guitar /</subfield>
    <subfield code="c">[compiled] by Elias Barreiro ; historical and performance notes by Stephen B. Rekas.</subfield>
  </datafield>
  <datafield tag="246" ind1="1" ind2=" ">
    <subfield code="i">Title appears on item as:</subfield>
    <subfield code="a">Mel Bay presents Music of Latin America</subfield>
  </datafield>
  <datafield tag="260" ind1=" " ind2=" ">
    <subfield code="a">Pacific, MO :</subfield>
    <subfield code="b">Mel Bay Publications,</subfield>
    <subfield code="c">c2001.</subfield>
  </datafield>
  <datafield tag="300" ind1=" " ind2=" ">
    <subfield code="a">128 p. of music ;</subfield>
    <subfield code="c">30 cm. +</subfield>
    <subfield code="e">1 sound disc (digital ; 4 3/4 in.)</subfield>
  </datafield>
  <datafield tag="500" ind1=" " ind2=" ">
    <subfield code="a">Arrangements and original compositions.</subfield>
  </datafield>
  <datafield tag="500" ind1=" " ind2=" ">
    <subfield code="a">Staff notation and tablature.</subfield>
  </datafield>
  <datafield tag="500" ind1=" " ind2=" ">
    <subfield code="a">The accompanying CD contains selected works performed by Barreiro.</subfield>
  </datafield>
  <datafield tag="505" ind1="0" ind2=" ">
    <subfield code="a">En lo frondoso / anonymous -- Odeón ; Coracão que sente / Ernesto Nazareth -- Tico-tico no fubá / Zequinha do Abreu -- La Mercedes / Isidora Zegers -- Por un beso de tu boca / Guillermo Quevedo -- Mariquita / anonymous -- La tarde ; La bayamesa / Sindo Garay -- Corazón / Eduardo Sanchez de Fuentes -- La tarde está amorosa / Ignacio Cervantes -- La Matilde / Manuel Saumell -- El mambí / Luis Casas Romero -- El sueño / Mariano Arredondo -- Mis flores negras / Carlos Amable Ortiz -- Yaraví antiguo ; Bartola ; Pasillo / anonymous -- San Antonio Polopó / Mario Bolaños García -- Ixim / anonymous -- La reina de las flores ; La luz eléctrica ; Yo se lo diré a usted / Tomás León -- Vals no. 1-3 / Andrés David Ramirez -- Suspiros del Chachamayo / anonymous -- Tu y yo / Angel Mislán -- No me toques / Juan Morel Campos -- El montonero ; Contradanza / anonymous.</subfield>
  </datafield>
  <datafield tag="650" ind1=" " ind2="0">
    <subfield code="a">Guitar music</subfield>
    <subfield code="z">Latin America.</subfield>
  </datafield>
  <datafield tag="650" ind1=" " ind2="0">
    <subfield code="a">Guitar music, Arranged.</subfield>
  </datafield>
  <datafield tag="700" ind1="1" ind2=" ">
    <subfield code="a">Barreiro, Elias.</subfield>
  </datafield>
  <datafield tag="856" ind1="4" ind2="1">
    <subfield code="3">Table of contents only</subfield>
    <subfield code="u">http://www.loc.gov/catdir/toc/fy0705/2007561039.html</subfield>
  </datafield>
</record>