
<record>
  <leader>01912cas a2200445 a 4500</leader>
  <controlfield tag="001">14720321</controlfield>
  <controlfield tag="005">20200103075648.0</controlfield>
  <controlfield tag="008">070201c19uu9999caumr pe      0    0per c</controlfield>
  <datafield tag="010" ind1=" " ind2=" ">
    <subfield code="a">sn 98017175 </subfield>
  </datafield>
  <datafield tag="035" ind1=" " ind2=" ">
    <subfield code="a">(OCoLC)ocm38368827 </subfield>
  </datafield>
  <datafield tag="040" ind1=" " ind2=" ">
    <subfield code="a">CLU</subfield>
    <subfield code="b">eng</subfield>
    <subfield code="c">CLU</subfield>
    <subfield code="d">OCLCQ</subfield>
    <subfield code="d">CLU</subfield>
    <subfield code="d">DLC</subfield>
    <subfield code="d">OCLCQ</subfield>
    <subfield code="d">OCLCF</subfield>
    <subfield code="d">HLS</subfield>
    <subfield code="d">DLC</subfield>
    <subfield code="d">ZAS</subfield>
  </datafield>
  <datafield tag="041" ind1="0" ind2=" ">
    <subfield code="a">per</subfield>
    <subfield code="a">eng</subfield>
  </datafield>
  <datafield tag="042" ind1=" " ind2=" ">
    <subfield code="a">pcc</subfield>
  </datafield>
  <datafield tag="043" ind1=" " ind2=" ">
    <subfield code="a">a-ir---</subfield>
    <subfield code="a">n-us-ca</subfield>
  </datafield>
  <datafield tag="050" ind1="0" ind2="0">
    <subfield code="a">F870.I5</subfield>
    <subfield code="b">P387</subfield>
  </datafield>
  <datafield tag="050" ind1="1" ind2="4">
    <subfield code="a">DS251</subfield>
    <subfield code="b">.P3</subfield>
  </datafield>
  <datafield tag="066" ind1=" " ind2=" ">
    <subfield code="c">(3</subfield>
    <subfield code="c">(4</subfield>
  </datafield>
  <datafield tag="245" ind1="0" ind2="0">
    <subfield code="6">880-01</subfield>
    <subfield code="a">Payk-i khabarī-i Īrāniyān.</subfield>
  </datafield>
  <datafield tag="246" ind1="1" ind2=" ">
    <subfield code="i">Issues for &lt;Sept. 2006-&gt; have also English title:</subfield>
    <subfield code="a">Persian cultural review</subfield>
  </datafield>
  <datafield tag="260" ind1=" " ind2=" ">
    <subfield code="a">Sacramento, CA :</subfield>
    <subfield code="b">Soroush Advertising Agency</subfield>
  </datafield>
  <datafield tag="260" ind1="3" ind2=" ">
    <subfield code="3">&lt;Dec. 2015-   &gt;:</subfield>
    <subfield code="a">Folsom, CA :</subfield>
    <subfield code="b">[s.n.]</subfield>
  </datafield>
  <datafield tag="300" ind1=" " ind2=" ">
    <subfield code="a">v. :</subfield>
    <subfield code="b">ill. ;</subfield>
    <subfield code="c">34 cm.</subfield>
  </datafield>
  <datafield tag="310" ind1=" " ind2=" ">
    <subfield code="a">Monthly</subfield>
  </datafield>
  <datafield tag="515" ind1=" " ind2=" ">
    <subfield code="a">English section of &lt;Sept. 2006-&gt; called &lt;9th year, 12th issue-&gt;</subfield>
  </datafield>
  <datafield tag="530" ind1=" " ind2=" ">
    <subfield code="a">Also issued online.</subfield>
  </datafield>
  <datafield tag="546" ind1=" " ind2=" ">
    <subfield code="a">Chiefly in Persian; issues for &lt;Sept. 2006-&gt; have English section.</subfield>
  </datafield>
  <datafield tag="588" ind1=" " ind2=" ">
    <subfield code="a">Description based on: Sāl-i 5., shumārah-i 3 (Mar. 1997); title from caption.</subfield>
  </datafield>
  <datafield tag="588" ind1=" " ind2=" ">
    <subfield code="a">Latest issue consulted: Sāl-i 27, shumārah-i 316 (Apr. 2019).</subfield>
  </datafield>
  <datafield tag="650" ind1=" " ind2="0">
    <subfield code="a">Iranian Americans</subfield>
    <subfield code="z">California</subfield>
    <subfield code="v">Periodicals.</subfield>
  </datafield>
  <datafield tag="650" ind1=" " ind2="7">
    <subfield code="a">Iranian Americans.</subfield>
    <subfield code="2">fast</subfield>
    <subfield code="0">(OCoLC)fst00978794</subfield>
  </datafield>
  <datafield tag="651" ind1=" " ind2="7">
    <subfield code="a">California.</subfield>
    <subfield code="2">fast</subfield>
    <subfield code="0">(OCoLC)fst01204928</subfield>
  </datafield>
  <datafield tag="655" ind1=" " ind2="7">
    <subfield code="a">Periodicals.</subfield>
    <subfield code="2">fast</subfield>
    <subfield code="0">(OCoLC)fst01411641</subfield>
  </datafield>
  <datafield tag="850" ind1=" " ind2=" ">
    <subfield code="a">DLC</subfield>
  </datafield>
  <datafield tag="859" ind1="4" ind2="1">
    <subfield code="u">http://bibpurl.oclc.org/web/12305</subfield>
    <subfield code="u">http://www.peikekhabari.com/</subfield>
  </datafield>
  <datafield tag="853" ind1="2" ind2="0">
    <subfield code="8">1</subfield>
    <subfield code="a">sāl-i</subfield>
    <subfield code="b">shumārah-i</subfield>
    <subfield code="u">12</subfield>
    <subfield code="v">r</subfield>
    <subfield code="i">(year)</subfield>
    <subfield code="j">(month)</subfield>
    <subfield code="w">m</subfield>
  </datafield>
  <datafield tag="863" ind1="4" ind2="1">
    <subfield code="8">1.1</subfield>
    <subfield code="a">&lt;5&gt;</subfield>
    <subfield code="b">&lt;3&gt;</subfield>
    <subfield code="i">&lt;1997&gt;</subfield>
    <subfield code="j">&lt;03&gt;</subfield>
  </datafield>
  <datafield tag="880" ind1="0" ind2="0">
    <subfield code="6">245-01/(4/r</subfield>
    <subfield code="a">پيک خبرى ايرانيان.</subfield>
  </datafield>
  <datafield tag="906" ind1=" " ind2=" ">
    <subfield code="a">7</subfield>
    <subfield code="b">cbc</subfield>
    <subfield code="c">serials</subfield>
    <subfield code="d">3</subfield>
    <subfield code="e">ncip</subfield>
    <subfield code="f">19</subfield>
    <subfield code="g">n-oclcserc</subfield>
  </datafield>
  <datafield tag="925" ind1="0" ind2=" ">
    <subfield code="a">Acquire</subfield>
    <subfield code="b">1 shelf copy</subfield>
    <subfield code="x">policy default 2007-03-12</subfield>
  </datafield>
  <datafield tag="955" ind1=" " ind2=" ">
    <subfield code="a">mb14 2007-02-01 to SRD/CAT</subfield>
    <subfield code="a">db01 2007-02-01</subfield>
    <subfield code="h">db01 2007-03-12</subfield>
    <subfield code="i">db01 2007-03-12 to se50 for shelflisting review</subfield>
    <subfield code="e">db01 2007-03-19 to mb14</subfield>
  </datafield>
</record>