
<record>
  <leader>02394cam a2200481 a 4500</leader>
  <controlfield tag="001">14742233</controlfield>
  <controlfield tag="005">20200103172355.0</controlfield>
  <controlfield tag="008">070222m20069999gw a     b    000 0 ger c</controlfield>
  <datafield tag="906" ind1=" " ind2=" ">
    <subfield code="a">7</subfield>
    <subfield code="b">cbc</subfield>
    <subfield code="c">pccadap</subfield>
    <subfield code="d">2</subfield>
    <subfield code="e">ncip</subfield>
    <subfield code="f">20</subfield>
    <subfield code="g">y-gencatlg</subfield>
  </datafield>
  <datafield tag="925" ind1="0" ind2=" ">
    <subfield code="a">acquire</subfield>
    <subfield code="b">1 shelf copy</subfield>
    <subfield code="x">policy default</subfield>
  </datafield>
  <datafield tag="955" ind1=" " ind2=" ">
    <subfield code="a">of23 2007-02-22 z-processor to HLCD</subfield>
    <subfield code="i">lk19 2007-03-08</subfield>
    <subfield code="e">pv06 2007-03-16 to Dewey (telework)</subfield>
    <subfield code="a">of23 2007-05-25 (v.3 : hd.bd.) to HLCD</subfield>
    <subfield code="c">lk19 2007-06-08 add vol. 3</subfield>
    <subfield code="a">fd05 2019-06-06 v. 4</subfield>
    <subfield code="c">fd12 2019-06-14 (v. 4 added)</subfield>
    <subfield code="w">xm09 2019-06-19</subfield>
    <subfield code="a">fd10 2019-12-30 v. 5</subfield>
    <subfield code="c">fd07 2020-01-03 Tbd. 5 added</subfield>
  </datafield>
  <datafield tag="010" ind1=" " ind2=" ">
    <subfield code="a">  2007385016</subfield>
  </datafield>
  <datafield tag="020" ind1=" " ind2=" ">
    <subfield code="a">3770812948 (Tbd. 1 : hd.bd.)</subfield>
  </datafield>
  <datafield tag="020" ind1=" " ind2=" ">
    <subfield code="a">9783770812943 (Tbd. 1 : hd.bd.)</subfield>
  </datafield>
  <datafield tag="020" ind1=" " ind2=" ">
    <subfield code="a">3770812956 (Tbd. 2 : hd.bd.)</subfield>
  </datafield>
  <datafield tag="020" ind1=" " ind2=" ">
    <subfield code="a">9783770812950 (Tbd. 2 : hd.bd.)</subfield>
  </datafield>
  <datafield tag="020" ind1=" " ind2=" ">
    <subfield code="a">3770812964 (Tbd. 3 : hd.bd.)</subfield>
  </datafield>
  <datafield tag="020" ind1=" " ind2=" ">
    <subfield code="a">9783770812967 (Tbd. 3 : hd.bd.)</subfield>
  </datafield>
  <datafield tag="020" ind1=" " ind2=" ">
    <subfield code="a">9783897398979 (Tbd. 4 : hd. bd.)</subfield>
  </datafield>
  <datafield tag="020" ind1=" " ind2=" ">
    <subfield code="a">9783897399297 (Tbd. 5)</subfield>
  </datafield>
  <datafield tag="035" ind1=" " ind2=" ">
    <subfield code="a">(OCoLC)ocm76873820</subfield>
  </datafield>
  <datafield tag="040" ind1=" " ind2=" ">
    <subfield code="a">OHX</subfield>
    <subfield code="b">eng</subfield>
    <subfield code="c">OHX</subfield>
    <subfield code="d">ZCU</subfield>
    <subfield code="d">IXA</subfield>
    <subfield code="d">DLC</subfield>
  </datafield>
  <datafield tag="042" ind1=" " ind2=" ">
    <subfield code="a">pcc</subfield>
  </datafield>
  <datafield tag="050" ind1="0" ind2="0">
    <subfield code="a">CR4759</subfield>
    <subfield code="b">.T86 2006</subfield>
  </datafield>
  <datafield tag="082" ind1="0" ind2="0">
    <subfield code="a">255/.7914</subfield>
    <subfield code="2">23</subfield>
  </datafield>
  <datafield tag="100" ind1="1" ind2=" ">
    <subfield code="a">Tumler, Marian.</subfield>
  </datafield>
  <datafield tag="245" ind1="1" ind2="4">
    <subfield code="a">Die Urkunden des Deutschordens-Zentralarchivs in Wien :</subfield>
    <subfield code="b">Regesten /</subfield>
    <subfield code="c">nach dem Manuskript von Marian Tumler ; herausgegeben von Udo Arnold.</subfield>
  </datafield>
  <datafield tag="246" ind1="1" ind2="8">
    <subfield code="a">DOZA-Regesten</subfield>
  </datafield>
  <datafield tag="260" ind1=" " ind2=" ">
    <subfield code="3">v. 1-3:</subfield>
    <subfield code="a">Marburg :</subfield>
    <subfield code="b">Elwert,</subfield>
    <subfield code="c">2006-&lt;c2019&gt;</subfield>
  </datafield>
  <datafield tag="260" ind1="3" ind2=" ">
    <subfield code="3">v. 4-&lt;5&gt;:</subfield>
    <subfield code="a">Ilmtal-Weinstrasse :</subfield>
    <subfield code="b">VDG</subfield>
  </datafield>
  <datafield tag="300" ind1=" " ind2=" ">
    <subfield code="a">v. &lt;1-5&gt; :</subfield>
    <subfield code="b">ill. ;</subfield>
    <subfield code="c">23 cm.</subfield>
  </datafield>
  <datafield tag="440" ind1=" " ind2="0">
    <subfield code="a">Quellen und Studien zur Geschichte des Deutschen Ordens ;</subfield>
    <subfield code="v">Bd. 60</subfield>
  </datafield>
  <datafield tag="440" ind1=" " ind2="0">
    <subfield code="a">Veröffentlichungen der Internationalen Historischen Kommission zur Erforschung des Deutschen Ordens ;</subfield>
    <subfield code="v">Bd. 11</subfield>
  </datafield>
  <datafield tag="500" ind1=" " ind2=" ">
    <subfield code="a">Printed version of a ms. register originally prepared by Tumler during his administration as archivist of the Teutonic Knights.</subfield>
  </datafield>
  <datafield tag="504" ind1=" " ind2=" ">
    <subfield code="a">Includes bibliographical references.</subfield>
  </datafield>
  <datafield tag="505" ind1="1" ind2=" ">
    <subfield code="a">Tbd. 1. 1122-Januar 1313 -- Tbd. 2. Februar 1313-November 1418 -- Tbd. 3. Dezenber 1418-Dezenber 1526 -- Tbd. 4. January 1527-April 1597 -- Tbd. 5. April 1597-Januar 1680</subfield>
  </datafield>
  <datafield tag="610" ind1="2" ind2="0">
    <subfield code="a">Teutonic Knights</subfield>
    <subfield code="x">History</subfield>
    <subfield code="v">Sources</subfield>
    <subfield code="v">Registers.</subfield>
  </datafield>
  <datafield tag="610" ind1="2" ind2="0">
    <subfield code="a">Deutschordenszentralarchiv</subfield>
    <subfield code="v">Registers.</subfield>
  </datafield>
  <datafield tag="650" ind1=" " ind2="0">
    <subfield code="a">Archives</subfield>
    <subfield code="z">Austria</subfield>
    <subfield code="z">Vienna</subfield>
    <subfield code="v">Registers.</subfield>
  </datafield>
  <datafield tag="700" ind1="1" ind2=" ">
    <subfield code="a">Arnold, Udo,</subfield>
    <subfield code="d">1940-</subfield>
  </datafield>
  <datafield tag="923" ind1=" " ind2=" ">
    <subfield code="d">20061206</subfield>
    <subfield code="n">0377962</subfield>
    <subfield code="s">93001286</subfield>
  </datafield>
  <datafield tag="923" ind1=" " ind2=" ">
    <subfield code="d">20190516</subfield>
    <subfield code="n">0201625</subfield>
    <subfield code="s">GyWOH</subfield>
  </datafield>
  <datafield tag="923" ind1=" " ind2=" ">
    <subfield code="d">20191126</subfield>
    <subfield code="n">0215951</subfield>
    <subfield code="s">GyWOH</subfield>
  </datafield>
</record>