
<record>
  <leader>03159cjm a2200649 a 4500</leader>
  <controlfield tag="001">14789868</controlfield>
  <controlfield tag="005">20200103150942.0</controlfield>
  <controlfield tag="007">sd fsngnnmmneu</controlfield>
  <controlfield tag="008">070329p20062005gw mun|  efi      | zxx d</controlfield>
  <datafield tag="906" ind1=" " ind2=" ">
    <subfield code="a">7</subfield>
    <subfield code="b">cbc</subfield>
    <subfield code="c">copycat</subfield>
    <subfield code="d">2</subfield>
    <subfield code="e">ncip</subfield>
    <subfield code="f">20</subfield>
    <subfield code="g">y-genmusic</subfield>
  </datafield>
  <datafield tag="925" ind1="0" ind2=" ">
    <subfield code="a">acquire</subfield>
    <subfield code="b">2 shelf copies</subfield>
    <subfield code="x">policy default</subfield>
  </datafield>
  <datafield tag="955" ind1=" " ind2=" ">
    <subfield code="a">vl34 2008-07-14 z-client</subfield>
    <subfield code="i">vl34 2008-07-14</subfield>
    <subfield code="e">vk79 2008-12-02 to MRBS for shelf label</subfield>
  </datafield>
  <datafield tag="955" ind1=" " ind2=" ">
    <subfield code="a">nh23 2007-03-29 to SMCD</subfield>
  </datafield>
  <datafield tag="010" ind1=" " ind2=" ">
    <subfield code="a">  2008578769</subfield>
  </datafield>
  <datafield tag="024" ind1="1" ind2=" ">
    <subfield code="a">761203714728</subfield>
  </datafield>
  <datafield tag="028" ind1="0" ind2="2">
    <subfield code="a">cpo 777 147-2</subfield>
    <subfield code="b">Classic Produktion Osnabrück</subfield>
  </datafield>
  <datafield tag="028" ind1="0" ind2="2">
    <subfield code="a">777 147-2</subfield>
    <subfield code="b">Classic Produktion Osnabrück</subfield>
  </datafield>
  <datafield tag="033" ind1="2" ind2="0">
    <subfield code="a">20050204</subfield>
    <subfield code="a">20050206</subfield>
  </datafield>
  <datafield tag="035" ind1=" " ind2=" ">
    <subfield code="a">(OCoLC)ocm86088039</subfield>
  </datafield>
  <datafield tag="035" ind1=" " ind2=" ">
    <subfield code="a">(OCoLC)86088039</subfield>
    <subfield code="z">(OCoLC)150033734</subfield>
  </datafield>
  <datafield tag="040" ind1=" " ind2=" ">
    <subfield code="a">CIN</subfield>
    <subfield code="c">CIN</subfield>
    <subfield code="d">MDY</subfield>
    <subfield code="d">BTCTA</subfield>
    <subfield code="d">DLC</subfield>
  </datafield>
  <datafield tag="041" ind1="0" ind2=" ">
    <subfield code="g">eng</subfield>
    <subfield code="g">fre</subfield>
    <subfield code="g">ger</subfield>
  </datafield>
  <datafield tag="042" ind1=" " ind2=" ">
    <subfield code="a">lccopycat</subfield>
  </datafield>
  <datafield tag="045" ind1="2" ind2=" ">
    <subfield code="b">d1964</subfield>
    <subfield code="b">d2000</subfield>
  </datafield>
  <datafield tag="047" ind1=" " ind2=" ">
    <subfield code="a">df</subfield>
    <subfield code="a">ov</subfield>
    <subfield code="a">vr</subfield>
  </datafield>
  <datafield tag="050" ind1="0" ind2="0">
    <subfield code="a">SDB 80095</subfield>
  </datafield>
  <datafield tag="100" ind1="1" ind2=" ">
    <subfield code="a">Sallinen, Aulis.</subfield>
  </datafield>
  <datafield tag="240" ind1="1" ind2="0">
    <subfield code="a">Instrumental music.</subfield>
    <subfield code="k">Selections</subfield>
  </datafield>
  <datafield tag="245" ind1="1" ind2="0">
    <subfield code="a">Chamber musics III, IV &amp; V</subfield>
    <subfield code="h">[sound recording] ;</subfield>
    <subfield code="b">Introduction &amp; tango overture ; Elegy for Sebastian Knight ; /</subfield>
    <subfield code="c">Aulis Sallinen.</subfield>
  </datafield>
  <datafield tag="246" ind1="3" ind2=" ">
    <subfield code="a">Chamber musics 3, 4 &amp; 5</subfield>
  </datafield>
  <datafield tag="260" ind1=" " ind2=" ">
    <subfield code="a">Georgsmarienhütte [Germany] :</subfield>
    <subfield code="b">Classic Produktion Osnabrück,</subfield>
    <subfield code="c">p2006.</subfield>
  </datafield>
  <datafield tag="300" ind1=" " ind2=" ">
    <subfield code="a">1 sound disc :</subfield>
    <subfield code="b">digital ;</subfield>
    <subfield code="c">4 3/4 in.</subfield>
  </datafield>
  <datafield tag="306" ind1=" " ind2=" ">
    <subfield code="a">001014</subfield>
    <subfield code="a">002006</subfield>
    <subfield code="a">000425</subfield>
    <subfield code="a">001657</subfield>
    <subfield code="a">002057</subfield>
  </datafield>
  <datafield tag="490" ind1="1" ind2=" ">
    <subfield code="a">Sallinen edition.</subfield>
  </datafield>
  <datafield tag="511" ind1="0" ind2=" ">
    <subfield code="a">Arto Noras, violoncello (2nd-3rd works) ; Mika Väyrynen, accordion (5th work) ; Virtuosi di Kuhmo ; Ralf Gothóni, piano (1st, 4th works), conductor.</subfield>
  </datafield>
  <datafield tag="518" ind1=" " ind2=" ">
    <subfield code="a">Recorded Feb. 4-6, 2005, Järvenpää Hall.</subfield>
  </datafield>
  <datafield tag="500" ind1=" " ind2=" ">
    <subfield code="a">Compact disc.</subfield>
  </datafield>
  <datafield tag="500" ind1=" " ind2=" ">
    <subfield code="a">Program notes in English, French and German (23 p. : ports.) inserted in container.</subfield>
  </datafield>
  <datafield tag="505" ind1="0" ind2=" ">
    <subfield code="a">Introduction and tango overture : op. 74b, for piano &amp; string orchestra (1997) (10:14) -- Chamber music III, op. 58 : the nocturnal dances of Don Juanquijote (1986) for violoncello solo &amp; strings (20:06) -- Elegy for Sebastian Knight : op. 10, for violoncello solo (1964) (4:25) -- Chamber music IV, op. 79 : Metamorphoses of Elegy for Sebastian Knight, for piano solo &amp; strings (2000) (16:57) -- Chamber music V, op. 80 : Barabbas variations, for accordeon solo &amp; strings (2000) (20:57).</subfield>
  </datafield>
  <datafield tag="650" ind1=" " ind2="0">
    <subfield code="a">Overtures (Piano with string orchestra)</subfield>
  </datafield>
  <datafield tag="650" ind1=" " ind2="0">
    <subfield code="a">Tangos.</subfield>
  </datafield>
  <datafield tag="650" ind1=" " ind2="0">
    <subfield code="a">Cello with string orchestra.</subfield>
  </datafield>
  <datafield tag="650" ind1=" " ind2="0">
    <subfield code="a">Cello music.</subfield>
  </datafield>
  <datafield tag="650" ind1=" " ind2="0">
    <subfield code="a">Piano with string orchestra.</subfield>
  </datafield>
  <datafield tag="650" ind1=" " ind2="0">
    <subfield code="a">Variations (Accordion with string orchestra).</subfield>
  </datafield>
  <datafield tag="700" ind1="1" ind2=" ">
    <subfield code="a">Noras, Arto.</subfield>
    <subfield code="4">prf</subfield>
  </datafield>
  <datafield tag="700" ind1="1" ind2=" ">
    <subfield code="a">Väyrynen, Mika.</subfield>
    <subfield code="4">prf</subfield>
  </datafield>
  <datafield tag="700" ind1="1" ind2=" ">
    <subfield code="a">Gothóni, Ralf,</subfield>
    <subfield code="d">1946-</subfield>
    <subfield code="4">cnd</subfield>
  </datafield>
  <datafield tag="700" ind1="1" ind2="2">
    <subfield code="a">Sallinen, Aulis.</subfield>
    <subfield code="t">Introduction and tango overture,</subfield>
    <subfield code="m">piano, string orchestra,</subfield>
    <subfield code="n">op. 74b.</subfield>
  </datafield>
  <datafield tag="700" ind1="1" ind2="2">
    <subfield code="a">Sallinen, Aulis.</subfield>
    <subfield code="t">Chamber music,</subfield>
    <subfield code="n">no. 3.</subfield>
  </datafield>
  <datafield tag="700" ind1="1" ind2="2">
    <subfield code="a">Sallinen, Aulis.</subfield>
    <subfield code="t">Elegia Sebastian Knight&apos;ille.</subfield>
  </datafield>
  <datafield tag="700" ind1="1" ind2="2">
    <subfield code="a">Sallinen, Aulis.</subfield>
    <subfield code="t">Chamber music,</subfield>
    <subfield code="n">no. 4.</subfield>
  </datafield>
  <datafield tag="700" ind1="1" ind2="2">
    <subfield code="a">Sallinen, Aulis.</subfield>
    <subfield code="t">Chamber music,</subfield>
    <subfield code="n">no. 5.</subfield>
  </datafield>
  <datafield tag="710" ind1="2" ind2=" ">
    <subfield code="a">Virtuosi di Kuhmo.</subfield>
    <subfield code="4">prf</subfield>
  </datafield>
  <datafield tag="740" ind1="0" ind2="2">
    <subfield code="a">Introduction &amp; tango overture.</subfield>
  </datafield>
  <datafield tag="740" ind1="0" ind2="2">
    <subfield code="a">Elegy for Sebastian Knight.</subfield>
  </datafield>
  <datafield tag="800" ind1="1" ind2=" ">
    <subfield code="a">Sallinen, Aulis.</subfield>
    <subfield code="t">Works.</subfield>
    <subfield code="k">Selections.</subfield>
    <subfield code="f">2003.</subfield>
  </datafield>
</record>