
<record>
  <leader>01605cas a2200313 a 4500</leader>
  <controlfield tag="001">14796015</controlfield>
  <controlfield tag="005">20200103075652.0</controlfield>
  <controlfield tag="008">070404uuuuuuuuutg uu    s   f0    0fre  </controlfield>
  <datafield tag="010" ind1=" " ind2=" ">
    <subfield code="a">  2007202937</subfield>
  </datafield>
  <datafield tag="035" ind1=" " ind2=" ">
    <subfield code="a">(OCoLC)ocn122340169</subfield>
  </datafield>
  <datafield tag="040" ind1=" " ind2=" ">
    <subfield code="a">DLC</subfield>
    <subfield code="b">eng</subfield>
    <subfield code="c">DLC</subfield>
    <subfield code="d">DLC</subfield>
    <subfield code="d">OCLCQ</subfield>
    <subfield code="d">OCLCF</subfield>
    <subfield code="d">ZCU</subfield>
    <subfield code="d">OCLCO</subfield>
    <subfield code="d">OCLCA</subfield>
  </datafield>
  <datafield tag="042" ind1=" " ind2=" ">
    <subfield code="a">pcc</subfield>
  </datafield>
  <datafield tag="043" ind1=" " ind2=" ">
    <subfield code="a">f-tg---</subfield>
  </datafield>
  <datafield tag="050" ind1="0" ind2="0">
    <subfield code="a">L708.T6</subfield>
    <subfield code="b">T33</subfield>
  </datafield>
  <datafield tag="245" ind1="0" ind2="0">
    <subfield code="a">Tableau de bord de l&apos;éducation au Togo :</subfield>
    <subfield code="b">les indicateurs /</subfield>
    <subfield code="c">Ministère des enseignements primaire et secondaire, Direction de la prospective, de la planification de l&apos;éducation, et de l&apos;évaluation.</subfield>
  </datafield>
  <datafield tag="260" ind1=" " ind2=" ">
    <subfield code="a">Lomé, Togo :</subfield>
    <subfield code="b">MENR, Division des statistiques scolaires</subfield>
  </datafield>
  <datafield tag="300" ind1=" " ind2=" ">
    <subfield code="a">v. :</subfield>
    <subfield code="b">col. ill. ;</subfield>
    <subfield code="c">11 x 15 cm.</subfield>
  </datafield>
  <datafield tag="588" ind1=" " ind2=" ">
    <subfield code="a">Description based on: 2002/2003; title from cover.</subfield>
  </datafield>
  <datafield tag="650" ind1=" " ind2="0">
    <subfield code="a">Education</subfield>
    <subfield code="z">Togo</subfield>
    <subfield code="v">Statistics</subfield>
    <subfield code="v">Periodicals.</subfield>
  </datafield>
  <datafield tag="650" ind1=" " ind2="7">
    <subfield code="a">Education.</subfield>
    <subfield code="2">fast</subfield>
    <subfield code="0">(OCoLC)fst00902499</subfield>
  </datafield>
  <datafield tag="651" ind1=" " ind2="7">
    <subfield code="a">Togo.</subfield>
    <subfield code="2">fast</subfield>
    <subfield code="0">(OCoLC)fst01208739</subfield>
  </datafield>
  <datafield tag="655" ind1=" " ind2="7">
    <subfield code="a">Periodicals.</subfield>
    <subfield code="2">fast</subfield>
    <subfield code="0">(OCoLC)fst01411641</subfield>
  </datafield>
  <datafield tag="655" ind1=" " ind2="7">
    <subfield code="a">Statistics.</subfield>
    <subfield code="2">fast</subfield>
    <subfield code="0">(OCoLC)fst01423727</subfield>
  </datafield>
  <datafield tag="710" ind1="1" ind2=" ">
    <subfield code="a">Togo.</subfield>
    <subfield code="b">Direction de la prospective, de la planification de l&apos;éducation, et de l&apos;évaluation.</subfield>
  </datafield>
  <datafield tag="850" ind1=" " ind2=" ">
    <subfield code="a">DLC</subfield>
  </datafield>
  <datafield tag="906" ind1=" " ind2=" ">
    <subfield code="a">7</subfield>
    <subfield code="b">cbc</subfield>
    <subfield code="c">serials</subfield>
    <subfield code="d">2</subfield>
    <subfield code="e">ncip</subfield>
    <subfield code="f">20</subfield>
    <subfield code="g">n-oclcserc</subfield>
  </datafield>
  <datafield tag="923" ind1=" " ind2=" ">
    <subfield code="a">purchase</subfield>
    <subfield code="s">Hogarth Representation; 93001367</subfield>
  </datafield>
  <datafield tag="925" ind1="0" ind2=" ">
    <subfield code="a">Acquire</subfield>
    <subfield code="b">1 shelf copy</subfield>
    <subfield code="x">mlh 2007-04-04</subfield>
  </datafield>
  <datafield tag="955" ind1=" " ind2=" ">
    <subfield code="a">da00 2007-04-04</subfield>
    <subfield code="i">da64 2007-04-04</subfield>
    <subfield code="e">da64 2007-04-04</subfield>
    <subfield code="g">da64 2007-04-04 to BCCD</subfield>
    <subfield code="a">Barcode 00305548431 returned from bindery 2010-06-04</subfield>
    <subfield code="a">Barcode 00305548431 returned from bindery 2010-06-04</subfield>
    <subfield code="g">bc06 2016-07-22 to BCCD (OT)</subfield>
    <subfield code="g">bc06 2018-01-08 (telework) to BCCD</subfield>
    <subfield code="g">bc06 2018-01-24 to BCCD</subfield>
  </datafield>
</record>