
<record>
  <leader>03246cjm a2200541 a 4500</leader>
  <controlfield tag="001">14825972</controlfield>
  <controlfield tag="005">20200103130354.0</controlfield>
  <controlfield tag="007">sd fsngnnmmneu</controlfield>
  <controlfield tag="008">070427s1994    caumun|  fgi      | zxx d</controlfield>
  <datafield tag="906" ind1=" " ind2=" ">
    <subfield code="a">7</subfield>
    <subfield code="b">cbc</subfield>
    <subfield code="c">copycat</subfield>
    <subfield code="d">2</subfield>
    <subfield code="e">ncip</subfield>
    <subfield code="f">20</subfield>
    <subfield code="g">y-genmusic</subfield>
  </datafield>
  <datafield tag="925" ind1="0" ind2=" ">
    <subfield code="a">acquire</subfield>
    <subfield code="b">2 shelf copies</subfield>
    <subfield code="x">policy default</subfield>
  </datafield>
  <datafield tag="955" ind1=" " ind2=" ">
    <subfield code="a">vl28 2007-04-27 z-client</subfield>
    <subfield code="i">vl28 2007-04-27</subfield>
    <subfield code="e">vl28 2007-04-27 copy 2 to MBRS/RS</subfield>
    <subfield code="e">vk07 2007-05-23 copy 1 to MBRS</subfield>
  </datafield>
  <datafield tag="010" ind1=" " ind2=" ">
    <subfield code="a">  2007575797</subfield>
  </datafield>
  <datafield tag="024" ind1="1" ind2=" ">
    <subfield code="a">000334907020</subfield>
  </datafield>
  <datafield tag="028" ind1="0" ind2="2">
    <subfield code="a">G 49070</subfield>
    <subfield code="b">Gothic</subfield>
  </datafield>
  <datafield tag="035" ind1=" " ind2=" ">
    <subfield code="a">(OCoLC)ocm35110189</subfield>
  </datafield>
  <datafield tag="040" ind1=" " ind2=" ">
    <subfield code="a">ANO</subfield>
    <subfield code="c">ANO</subfield>
    <subfield code="d">OBE</subfield>
    <subfield code="d">OCLCQ</subfield>
    <subfield code="d">DLC</subfield>
  </datafield>
  <datafield tag="042" ind1=" " ind2=" ">
    <subfield code="a">lccopycat</subfield>
  </datafield>
  <datafield tag="047" ind1=" " ind2=" ">
    <subfield code="a">ft</subfield>
    <subfield code="a">pr</subfield>
    <subfield code="a">an</subfield>
    <subfield code="a">su</subfield>
  </datafield>
  <datafield tag="048" ind1=" " ind2=" ">
    <subfield code="a">kb01</subfield>
  </datafield>
  <datafield tag="050" ind1="0" ind2="0">
    <subfield code="a">SDB 57957</subfield>
  </datafield>
  <datafield tag="100" ind1="1" ind2=" ">
    <subfield code="a">Grogan, Robert.</subfield>
    <subfield code="4">itr</subfield>
  </datafield>
  <datafield tag="245" ind1="1" ind2="0">
    <subfield code="a">Times &amp; seasons</subfield>
    <subfield code="h">[sound recording] :</subfield>
    <subfield code="b">organ music for the liturgy by twentieth-century composers.</subfield>
  </datafield>
  <datafield tag="246" ind1="3" ind2=" ">
    <subfield code="a">Times and seasons</subfield>
  </datafield>
  <datafield tag="246" ind1="3" ind2="0">
    <subfield code="a">Organ music for the liturgy by twentieth-century composers</subfield>
  </datafield>
  <datafield tag="260" ind1=" " ind2=" ">
    <subfield code="a">Anaheim, Calif. :</subfield>
    <subfield code="b">Gothic,</subfield>
    <subfield code="c">p1994.</subfield>
  </datafield>
  <datafield tag="300" ind1=" " ind2=" ">
    <subfield code="a">1 sound disc :</subfield>
    <subfield code="b">digital ;</subfield>
    <subfield code="c">4 3/4 in.</subfield>
  </datafield>
  <datafield tag="511" ind1="0" ind2=" ">
    <subfield code="a">Robert Grogan, organ.</subfield>
  </datafield>
  <datafield tag="518" ind1=" " ind2=" ">
    <subfield code="a">Recorded at the Basilica of the National Shrine of the Immaculate Conception, Washington, D.C.</subfield>
  </datafield>
  <datafield tag="500" ind1=" " ind2=" ">
    <subfield code="a">Compact disc.</subfield>
  </datafield>
  <datafield tag="505" ind1="0" ind2=" ">
    <subfield code="a">Fantasy on &quot;Veni Emmanuel&quot; / Kenneth Leighton (6:17) -- Weihnachten (Christmas) / Max Reger (6:59) -- Pastorale on a Christmas plainsong / Virgil Thompson (5:39) -- Prélude sur l&apos;introit de l&apos;epiphanie / Maurice Duruflé (2:46) -- Lumen ad revelationem / Marcel Dupré (2:51) -- Wondrous love : variations on a shape-note hymn / Samuel Barber (7:48) -- Prelude for Passiontide / Ronald Arnatt (4:05) -- Partita on &quot;O filii et filiae&quot; / Wilbur Held (5:35) -- Fanfares to the tongues of fire / Larry King (5:44) -- Improvisation (Elévation) / Jean Langlais (1:59) -- Preludio al Vespro de Monteverdi / Michael Tippett (3:31) -- Gaudeamus / Joseph Jongen (2:30) -- Improvisation sur le &quot;Te Deum&quot; / Charles Tournemire (6:08).</subfield>
  </datafield>
  <datafield tag="650" ind1=" " ind2="0">
    <subfield code="a">Music</subfield>
    <subfield code="y">20th century.</subfield>
  </datafield>
  <datafield tag="650" ind1=" " ind2="0">
    <subfield code="a">Organ music.</subfield>
  </datafield>
  <datafield tag="650" ind1=" " ind2="0">
    <subfield code="a">Church year</subfield>
    <subfield code="v">Songs and music.</subfield>
  </datafield>
  <datafield tag="700" ind1="1" ind2="2">
    <subfield code="a">Leighton, Kenneth,</subfield>
    <subfield code="d">1929-1988.</subfield>
    <subfield code="t">Fantasies on hymn tunes.</subfield>
    <subfield code="p">Fantasy on &quot;Veni Emmanuel.&quot;</subfield>
  </datafield>
  <datafield tag="700" ind1="1" ind2="2">
    <subfield code="a">Reger, Max,</subfield>
    <subfield code="d">1873-1916.</subfield>
    <subfield code="t">Stücke,</subfield>
    <subfield code="m">organ,</subfield>
    <subfield code="n">op. 145.</subfield>
    <subfield code="p">Weihnachten.</subfield>
  </datafield>
  <datafield tag="700" ind1="1" ind2="2">
    <subfield code="a">Thomson, Virgil,</subfield>
    <subfield code="d">1896-1989.</subfield>
    <subfield code="t">Pastorale on a Christmas plainsong.</subfield>
  </datafield>
  <datafield tag="700" ind1="1" ind2="2">
    <subfield code="a">Duruflé, Maurice,</subfield>
    <subfield code="d">1902-1986.</subfield>
    <subfield code="t">Prélude sur l&apos;introit de l&apos;Épiphanie.</subfield>
  </datafield>
  <datafield tag="700" ind1="1" ind2="2">
    <subfield code="a">Dupré, Marcel,</subfield>
    <subfield code="d">1886-1971.</subfield>
    <subfield code="t">Antiennes pour le temps de Noël.</subfield>
    <subfield code="p">Lumen ad revelationem.</subfield>
  </datafield>
  <datafield tag="700" ind1="1" ind2="2">
    <subfield code="a">Barber, Samuel,</subfield>
    <subfield code="d">1910-1981.</subfield>
    <subfield code="t">Wondrous love.</subfield>
  </datafield>
  <datafield tag="700" ind1="1" ind2="2">
    <subfield code="a">Arnatt, Ronald.</subfield>
    <subfield code="t">Plainsong preludes.</subfield>
    <subfield code="p">Antiphon to the Benedictus for Good Friday Tenebrae.</subfield>
  </datafield>
  <datafield tag="700" ind1="1" ind2="2">
    <subfield code="a">Held, Wilbur,</subfield>
    <subfield code="d">1914-2015.</subfield>
    <subfield code="t">Partita on O filii et filiae.</subfield>
  </datafield>
  <datafield tag="700" ind1="1" ind2="2">
    <subfield code="a">King, Larry,</subfield>
    <subfield code="d">1932-1990.</subfield>
    <subfield code="t">Fanfares to the tongues of fire.</subfield>
  </datafield>
  <datafield tag="700" ind1="1" ind2="2">
    <subfield code="a">Langlais, Jean,</subfield>
    <subfield code="d">1907-1991.</subfield>
    <subfield code="t">Suite médiévale.</subfield>
    <subfield code="p">Improvisation.</subfield>
  </datafield>
  <datafield tag="700" ind1="1" ind2="2">
    <subfield code="a">Tippett, Michael,</subfield>
    <subfield code="d">1905-1998.</subfield>
    <subfield code="t">Preludio al Vespro di Monteverdi.</subfield>
  </datafield>
  <datafield tag="700" ind1="1" ind2="2">
    <subfield code="a">Jongen, Joseph,</subfield>
    <subfield code="d">1873-1953.</subfield>
    <subfield code="t">Gaudeamus.</subfield>
  </datafield>
  <datafield tag="700" ind1="1" ind2="2">
    <subfield code="a">Tournemire, Charles,</subfield>
    <subfield code="d">1870-1939.</subfield>
    <subfield code="t">Improvisations,</subfield>
    <subfield code="m">organ.</subfield>
    <subfield code="p">Improvisation sur le Te Deum.</subfield>
  </datafield>
  <datafield tag="710" ind1="2" ind2=" ">
    <subfield code="a">National Shrine of the Immaculate Conception (Washington, D.C.)</subfield>
  </datafield>
</record>