
<record>
  <leader>00701ccm a22002054a 4500</leader>
  <controlfield tag="001">14834122</controlfield>
  <controlfield tag="005">20200103115559.0</controlfield>
  <controlfield tag="008">070504s2006    xxuuua|        n  | zxx  </controlfield>
  <datafield tag="906" ind1=" " ind2=" ">
    <subfield code="a">7</subfield>
    <subfield code="b">cbc</subfield>
    <subfield code="c">orignew</subfield>
    <subfield code="d">4</subfield>
    <subfield code="e">ncip</subfield>
    <subfield code="f">20</subfield>
    <subfield code="g">y-genmusic</subfield>
  </datafield>
  <datafield tag="925" ind1="0" ind2=" ">
    <subfield code="a">acquire</subfield>
    <subfield code="b">1 shelf copy</subfield>
    <subfield code="x">policy default</subfield>
  </datafield>
  <datafield tag="955" ind1=" " ind2=" ">
    <subfield code="a">vk00 2007-05-04</subfield>
    <subfield code="i">vk03 2007-05-04</subfield>
    <subfield code="e">vn34 2007-05-04 c. 1 &amp; 2 to Music Division</subfield>
  </datafield>
  <datafield tag="010" ind1=" " ind2=" ">
    <subfield code="a">  2007562451</subfield>
  </datafield>
  <datafield tag="040" ind1=" " ind2=" ">
    <subfield code="a">DLC</subfield>
    <subfield code="c">DLC</subfield>
  </datafield>
  <datafield tag="050" ind1="0" ind2="0">
    <subfield code="a">M242</subfield>
    <subfield code="b">.N</subfield>
  </datafield>
  <datafield tag="100" ind1="1" ind2=" ">
    <subfield code="a">Nobis, Ricklen.</subfield>
  </datafield>
  <datafield tag="245" ind1="1" ind2="0">
    <subfield code="a">From western mountains /</subfield>
    <subfield code="c">Ricklen Nobis.</subfield>
  </datafield>
  <datafield tag="260" ind1=" " ind2=" ">
    <subfield code="a">[United States?] :</subfield>
    <subfield code="b">Fanfare Publications,</subfield>
    <subfield code="c">c2006.</subfield>
  </datafield>
  <datafield tag="300" ind1=" " ind2=" ">
    <subfield code="a">1 score (5, 2, 7 leaves) :</subfield>
    <subfield code="c">22 x 36 cm.</subfield>
  </datafield>
  <datafield tag="500" ind1=" " ind2=" ">
    <subfield code="a">Caption title.</subfield>
  </datafield>
  <datafield tag="650" ind1=" " ind2="0">
    <subfield code="a">Flute and piano music</subfield>
    <subfield code="v">Scores.</subfield>
  </datafield>
</record>