
<record>
  <leader>02753cam a22003974a 4500</leader>
  <controlfield tag="001">14900255</controlfield>
  <controlfield tag="005">20200103102323.0</controlfield>
  <controlfield tag="008">070622s2008    enka     b    001 0 eng  </controlfield>
  <datafield tag="906" ind1=" " ind2=" ">
    <subfield code="a">7</subfield>
    <subfield code="b">cbc</subfield>
    <subfield code="c">orignew</subfield>
    <subfield code="d">1</subfield>
    <subfield code="e">ecip</subfield>
    <subfield code="f">20</subfield>
    <subfield code="g">y-gencatlg</subfield>
  </datafield>
  <datafield tag="925" ind1="0" ind2=" ">
    <subfield code="a">acquire</subfield>
    <subfield code="b">1 shelf copy</subfield>
    <subfield code="x">policy default</subfield>
  </datafield>
  <datafield tag="955" ind1=" " ind2=" ">
    <subfield code="a">sg29 2007-06-22</subfield>
    <subfield code="i">sg29 2007-06-22</subfield>
    <subfield code="e">sg29 2007-06-22 to Dewey</subfield>
    <subfield code="a">aa04 2007-06-25</subfield>
    <subfield code="a">ps02 2008-04-15 1 copy rec&apos;d., to CIP ver.</subfield>
    <subfield code="f">sg14 2008-04-24</subfield>
    <subfield code="g">sg14 2008-04-24 to LL</subfield>
    <subfield code="a">sg14 2008-06-30 copy 2 added</subfield>
  </datafield>
  <datafield tag="010" ind1=" " ind2=" ">
    <subfield code="a">  2007026194</subfield>
  </datafield>
  <datafield tag="020" ind1=" " ind2=" ">
    <subfield code="a">9780521872300 (hardback)</subfield>
  </datafield>
  <datafield tag="040" ind1=" " ind2=" ">
    <subfield code="a">DLC</subfield>
    <subfield code="c">DLC</subfield>
    <subfield code="d">DLC</subfield>
  </datafield>
  <datafield tag="043" ind1=" " ind2=" ">
    <subfield code="a">e-ci---</subfield>
    <subfield code="a">e-yu---</subfield>
    <subfield code="a">f-rw---</subfield>
  </datafield>
  <datafield tag="050" ind1="0" ind2="0">
    <subfield code="a">K5001</subfield>
    <subfield code="b">.P475 2008</subfield>
  </datafield>
  <datafield tag="082" ind1="0" ind2="0">
    <subfield code="a">341.6/9</subfield>
    <subfield code="2">22</subfield>
  </datafield>
  <datafield tag="100" ind1="1" ind2=" ">
    <subfield code="a">Peskin, Victor,</subfield>
    <subfield code="d">1967-</subfield>
  </datafield>
  <datafield tag="245" ind1="1" ind2="0">
    <subfield code="a">International justice in Rwanda and the Balkans :</subfield>
    <subfield code="b">virtual trials and the struggle for state cooperation /</subfield>
    <subfield code="c">Victor Peskin.</subfield>
  </datafield>
  <datafield tag="260" ind1=" " ind2=" ">
    <subfield code="a">Cambridge [UK] ;</subfield>
    <subfield code="a">New York :</subfield>
    <subfield code="b">Cambridge University Press,</subfield>
    <subfield code="c">c2008.</subfield>
  </datafield>
  <datafield tag="300" ind1=" " ind2=" ">
    <subfield code="a">xxi, 272 p. :</subfield>
    <subfield code="b">ill. ;</subfield>
    <subfield code="c">24 cm.</subfield>
  </datafield>
  <datafield tag="504" ind1=" " ind2=" ">
    <subfield code="a">Includes bibliographical references (p. 259-262) and index.</subfield>
  </datafield>
  <datafield tag="505" ind1="0" ind2=" ">
    <subfield code="a">International war crimes tribunals and the politics of state cooperation -- Slobodan Milošević and the politics of state cooperation -- International justice and Serbia&apos;s troubled democratic transition -- Franjo Tuđman and the politics of international justice -- The politics of state cooperation in Croatia&apos;s democratic era -- Rwanda virtual trials, international justice, and the politics of shame -- The struggle to create the international criminal tribunal for Rwanda -- &quot;Trials of cooperation&quot; and the battles for Karamira and Barayagwiza -- Investigating Rwandan patriotic front atrocities and the politics of bearing witness -- Victor&apos;s justice revisited : the prosecutor vs. Kagame -- Thepresent and future of international criminal justice.</subfield>
  </datafield>
  <datafield tag="650" ind1=" " ind2="0">
    <subfield code="a">Criminal justice, Administration of</subfield>
    <subfield code="x">International cooperation.</subfield>
  </datafield>
  <datafield tag="650" ind1=" " ind2="0">
    <subfield code="a">International criminal courts.</subfield>
  </datafield>
  <datafield tag="600" ind1="1" ind2="0">
    <subfield code="a">Milošević, Slobodan,</subfield>
    <subfield code="d">1941-2006.</subfield>
  </datafield>
  <datafield tag="651" ind1=" " ind2="0">
    <subfield code="a">Serbia</subfield>
    <subfield code="x">Politics and government.</subfield>
  </datafield>
  <datafield tag="600" ind1="1" ind2="0">
    <subfield code="a">Tuđman, Franjo.</subfield>
  </datafield>
  <datafield tag="651" ind1=" " ind2="0">
    <subfield code="a">Croatia</subfield>
    <subfield code="x">Politics and government.</subfield>
  </datafield>
  <datafield tag="610" ind1="2" ind2="0">
    <subfield code="a">International Criminal Tribunal for Rwanda.</subfield>
  </datafield>
  <datafield tag="651" ind1=" " ind2="0">
    <subfield code="a">Rwanda</subfield>
    <subfield code="x">History</subfield>
    <subfield code="y">Civil War, 1994</subfield>
    <subfield code="x">Atrocities.</subfield>
  </datafield>
  <datafield tag="856" ind1="4" ind2="1">
    <subfield code="3">Table of contents only</subfield>
    <subfield code="u">http://www.loc.gov/catdir/enhancements/fy0729/2007026194-t.html</subfield>
  </datafield>
  <datafield tag="856" ind1="4" ind2="2">
    <subfield code="3">Publisher description</subfield>
    <subfield code="u">http://www.loc.gov/catdir/enhancements/fy0729/2007026194-d.html</subfield>
  </datafield>
  <datafield tag="856" ind1="4" ind2="2">
    <subfield code="3">Contributor biographical information</subfield>
    <subfield code="u">http://www.loc.gov/catdir/enhancements/fy0729/2007026194-b.html</subfield>
  </datafield>
  <datafield tag="856" ind1="4" ind2="2">
    <subfield code="3">Book review (H-Net)</subfield>
    <subfield code="u">http://www.h-net.org/reviews/showrev.php?id=24704</subfield>
  </datafield>
  <datafield tag="963" ind1=" " ind2=" ">
    <subfield code="a">Shelby Peak; phone: 212-337-5092; email: speak@cambridge.org; bc: sreid@cambridge.org</subfield>
  </datafield>
</record>