
<record>
  <leader>04462cas a2200577 a 4500</leader>
  <controlfield tag="001">14965186</controlfield>
  <controlfield tag="005">20200103161947.0</controlfield>
  <controlfield tag="008">051004c20059999sa er p       0    0eng c</controlfield>
  <datafield tag="906" ind1=" " ind2=" ">
    <subfield code="a">7</subfield>
    <subfield code="b">par</subfield>
    <subfield code="c">serials</subfield>
    <subfield code="d">2</subfield>
    <subfield code="e">ncip</subfield>
    <subfield code="f">20</subfield>
    <subfield code="g">n-oclcserc</subfield>
  </datafield>
  <datafield tag="925" ind1="0" ind2=" ">
    <subfield code="a">Acquire</subfield>
    <subfield code="b">1 shelf copy</subfield>
    <subfield code="x">policy default 2007-08-13</subfield>
  </datafield>
  <datafield tag="955" ind1=" " ind2=" ">
    <subfield code="a">da00 2007-08-13</subfield>
    <subfield code="i">da64 2007-08-13</subfield>
    <subfield code="e">da36 2007-08-29</subfield>
    <subfield code="a">Barcode 00200791629 returned from bindery 2009-10-29</subfield>
    <subfield code="a">Barcode 00281011066 returned from bindery 2009-11-09</subfield>
    <subfield code="a">Barcode 00200789568 returned from bindery 2009-11-09</subfield>
    <subfield code="a">Barcode 00200789623 returned from bindery 2009-11-09</subfield>
    <subfield code="a">Barcode 00281011078 returned from bindery 2009-11-09</subfield>
    <subfield code="a">Barcode 00200789544 returned from bindery 2009-11-09</subfield>
    <subfield code="a">Barcode 00200789593 returned from bindery 2009-11-09</subfield>
    <subfield code="a">Barcode 00200789556 returned from bindery 2009-11-09</subfield>
    <subfield code="a">Barcode 00200789635 returned from bindery 2009-11-09</subfield>
    <subfield code="a">Barcode 00200789581 returned from bindery 2009-11-09</subfield>
    <subfield code="a">Barcode 0020078957A returned from bindery 2009-11-09</subfield>
    <subfield code="a">Barcode 00281011054 returned from bindery 2009-11-09</subfield>
    <subfield code="a">Barcode 0020078960A returned from bindery 2009-11-09</subfield>
    <subfield code="a">Barcode 00200789611 returned from bindery 2010-01-28</subfield>
  </datafield>
  <datafield tag="955" ind1=" " ind2=" ">
    <subfield code="g">bc06 2015-11-16 to SER</subfield>
    <subfield code="g">bc06 2015-11-17 to SER</subfield>
    <subfield code="g">bc06 2015-11-18 to SER</subfield>
    <subfield code="g">bc06 2016-02-22 to SER</subfield>
    <subfield code="g">bc06 2016-02-23 to SER</subfield>
    <subfield code="g">bc06 2016-07-11 to SER (OT)</subfield>
    <subfield code="g">bc06 2016-07-15 to (telework) SER</subfield>
    <subfield code="g">bc06 2016-07-18 to (telework) SER</subfield>
    <subfield code="g">bc06 2016-11-04 (telework) to SER</subfield>
    <subfield code="g">bc06 2017-02-27 (telework) to SER</subfield>
    <subfield code="g">bc06 2017-04-24 (telework) to SER</subfield>
    <subfield code="g">bc06 2017-06-23 (telework) to SER</subfield>
    <subfield code="g">bc06 2017-09-13 to SER</subfield>
    <subfield code="g">bc06 2018-05-14 (telework/credit) to SER</subfield>
    <subfield code="g">bc06 2018-06-01 (telework) to SER</subfield>
    <subfield code="g">bc06 2018-06-02 (overtime) to SER</subfield>
    <subfield code="g">bc06 2018-06-04 (telework) to SER</subfield>
    <subfield code="g">bc06 2018-06-30 (overtime) to SER</subfield>
    <subfield code="g">bc06 2018-09-13 to SER</subfield>
    <subfield code="g">bc06 2018-11-19 (telework) to SER</subfield>
    <subfield code="g">bc06 2018-11-26 (telework/credit) to SER</subfield>
    <subfield code="g">bc06 2018-11-30 (telework) to SER</subfield>
    <subfield code="g">bc06 2018-12-03 (telework) to SER</subfield>
    <subfield code="g">bc06 2019-03-29 (telework/credit) to SER</subfield>
    <subfield code="g">bc06 2019-04-01 (telework) to SER</subfield>
    <subfield code="g">bc06 2019-04-05 (telework) to SER</subfield>
    <subfield code="g">bc06 2019-04-08 (telework) to SER</subfield>
    <subfield code="g">bc06 2019-04-12 (telework) to SER</subfield>
    <subfield code="g">bc06 2019-04-15 (telework) to SER</subfield>
    <subfield code="g">bc06 2019-04-19 (telework/credit) to SER</subfield>
  </datafield>
  <datafield tag="955" ind1=" " ind2=" ">
    <subfield code="g">bc06 2019-04-22 (telework) to SER</subfield>
    <subfield code="g">bc06 2019-08-09 (telework) to SER</subfield>
    <subfield code="g">bc06 2019-08-12 (telework) to SER</subfield>
    <subfield code="g">bc06 2019-09-27 (telework) to SER</subfield>
    <subfield code="g">bc06 2019-09-30 (telework) to SER</subfield>
    <subfield code="g">bc06 2019-10-25 (telework/credit) to SER</subfield>
    <subfield code="g">bc06 2019-11-18 (telework) to SER</subfield>
    <subfield code="g">bc06 2019-11-22 (telework) to SER</subfield>
    <subfield code="g">bc06 2019-11-25 (telework) to SER</subfield>
    <subfield code="g">bc06 2019-11-29 (telework) to SER</subfield>
    <subfield code="g">bc06 2019-12-02 (telework) to SER</subfield>
    <subfield code="g">bc06 2019-12-06 (telework) to SER</subfield>
    <subfield code="g">bc06 2020-01-03 (telework/credit) to SER</subfield>
  </datafield>
  <datafield tag="010" ind1=" " ind2=" ">
    <subfield code="a">  2006222461</subfield>
  </datafield>
  <datafield tag="022" ind1=" " ind2=" ">
    <subfield code="a">1812-4658</subfield>
    <subfield code="l">1812-4658</subfield>
    <subfield code="y">0256-0321</subfield>
  </datafield>
  <datafield tag="035" ind1=" " ind2=" ">
    <subfield code="a">(OCoLC)ocm61765119</subfield>
  </datafield>
  <datafield tag="040" ind1=" " ind2=" ">
    <subfield code="a">OI@</subfield>
    <subfield code="b">eng</subfield>
    <subfield code="c">OI@</subfield>
    <subfield code="d">CLU</subfield>
    <subfield code="d">DLC</subfield>
    <subfield code="d">OCLCQ</subfield>
    <subfield code="d">OCLCF</subfield>
    <subfield code="d">OCLCO</subfield>
    <subfield code="d">OCLCA</subfield>
    <subfield code="d">INU</subfield>
  </datafield>
  <datafield tag="042" ind1=" " ind2=" ">
    <subfield code="a">pcc</subfield>
  </datafield>
  <datafield tag="043" ind1=" " ind2=" ">
    <subfield code="a">f-sa---</subfield>
  </datafield>
  <datafield tag="050" ind1="0" ind2="0">
    <subfield code="a">HG46</subfield>
    <subfield code="b">.F48</subfield>
  </datafield>
  <datafield tag="082" ind1="0" ind2="4">
    <subfield code="a">332.0968</subfield>
    <subfield code="2">22</subfield>
  </datafield>
  <datafield tag="245" ind1="0" ind2="0">
    <subfield code="a">Finweek.</subfield>
  </datafield>
  <datafield tag="246" ind1="3" ind2=" ">
    <subfield code="a">Fin week</subfield>
  </datafield>
  <datafield tag="250" ind1=" " ind2=" ">
    <subfield code="a">English ed.</subfield>
  </datafield>
  <datafield tag="260" ind1=" " ind2=" ">
    <subfield code="a">Sandton [South Africa] :</subfield>
    <subfield code="b">Media24,</subfield>
    <subfield code="c">[2005]-</subfield>
  </datafield>
  <datafield tag="260" ind1="3" ind2=" ">
    <subfield code="3">&lt;July 25/August 14, 2015-&gt;:</subfield>
    <subfield code="a">Johannesburg :</subfield>
    <subfield code="b">New Media, a division of Media24 (Pty) Ltd.</subfield>
  </datafield>
  <datafield tag="300" ind1=" " ind2=" ">
    <subfield code="a">v. :</subfield>
    <subfield code="b">col. ill. ;</subfield>
    <subfield code="c">28 cm.</subfield>
  </datafield>
  <datafield tag="310" ind1=" " ind2=" ">
    <subfield code="a">Biweekly,</subfield>
    <subfield code="b">July 13/26, 2017-</subfield>
  </datafield>
  <datafield tag="321" ind1=" " ind2=" ">
    <subfield code="a">Weekly,</subfield>
    <subfield code="b">September 28, 2005-July 6, 2017</subfield>
  </datafield>
  <datafield tag="362" ind1="0" ind2=" ">
    <subfield code="a">28 Sept. 2005-</subfield>
  </datafield>
  <datafield tag="500" ind1=" " ind2=" ">
    <subfield code="a">Title from cover.</subfield>
  </datafield>
  <datafield tag="525" ind1=" " ind2=" ">
    <subfield code="a">Subscription includes ocasional surveys and other supplements, e.g., Collective insight, FinFund, Golf business.</subfield>
  </datafield>
  <datafield tag="588" ind1=" " ind2=" ">
    <subfield code="a">Latest issue consulted: 25 July/14 August 2019.</subfield>
  </datafield>
  <datafield tag="592" ind1=" " ind2=" ">
    <subfield code="a">website at: http://www.fin24.com/finance/Default.aspx</subfield>
  </datafield>
  <datafield tag="592" ind1=" " ind2=" ">
    <subfield code="a">purchase order# 315047</subfield>
  </datafield>
  <datafield tag="650" ind1=" " ind2="0">
    <subfield code="a">Finance</subfield>
    <subfield code="z">South Africa</subfield>
    <subfield code="v">Periodicals.</subfield>
  </datafield>
  <datafield tag="651" ind1=" " ind2="0">
    <subfield code="a">South Africa</subfield>
    <subfield code="x">Commerce</subfield>
    <subfield code="v">Periodicals.</subfield>
  </datafield>
  <datafield tag="650" ind1=" " ind2="7">
    <subfield code="a">Commerce.</subfield>
    <subfield code="2">fast</subfield>
    <subfield code="0">(OCoLC)fst00869279</subfield>
  </datafield>
  <datafield tag="650" ind1=" " ind2="7">
    <subfield code="a">Finance.</subfield>
    <subfield code="2">fast</subfield>
    <subfield code="0">(OCoLC)fst00924349</subfield>
  </datafield>
  <datafield tag="651" ind1=" " ind2="7">
    <subfield code="a">South Africa.</subfield>
    <subfield code="2">fast</subfield>
    <subfield code="0">(OCoLC)fst01204616</subfield>
  </datafield>
  <datafield tag="655" ind1=" " ind2="7">
    <subfield code="a">Periodicals.</subfield>
    <subfield code="2">fast</subfield>
    <subfield code="0">(OCoLC)fst01411641</subfield>
  </datafield>
  <datafield tag="740" ind1="0" ind2="2">
    <subfield code="a">Collective insight.</subfield>
  </datafield>
  <datafield tag="740" ind1="0" ind2="2">
    <subfield code="a">FinFund.</subfield>
  </datafield>
  <datafield tag="740" ind1="0" ind2="2">
    <subfield code="a">Golf business.</subfield>
  </datafield>
  <datafield tag="775" ind1="0" ind2="8">
    <subfield code="i">Afrikaans edition:</subfield>
    <subfield code="t">Finweek (Afrikaans ed.)</subfield>
    <subfield code="x">1812-464X</subfield>
    <subfield code="w">(OCoLC)69224848</subfield>
  </datafield>
  <datafield tag="776" ind1="0" ind2="8">
    <subfield code="i">Online version:</subfield>
    <subfield code="t">Finweek</subfield>
    <subfield code="x">1997-4833</subfield>
    <subfield code="w">(DLC)  2019257076</subfield>
    <subfield code="w">(OCoLC)70930590</subfield>
  </datafield>
  <datafield tag="780" ind1="0" ind2="0">
    <subfield code="t">Finance week (Johannesburg, South Africa)</subfield>
    <subfield code="x">0256-0321</subfield>
    <subfield code="w">(DLC)   80641597</subfield>
    <subfield code="w">(OCoLC)5188733</subfield>
  </datafield>
  <datafield tag="850" ind1=" " ind2=" ">
    <subfield code="a">DLC</subfield>
  </datafield>
  <datafield tag="859" ind1="4" ind2="1">
    <subfield code="u">http://www.fin24.co.za/FinWeek/</subfield>
  </datafield>
  <datafield tag="923" ind1=" " ind2=" ">
    <subfield code="a">purchase</subfield>
    <subfield code="s">Argo Publications; 93000284</subfield>
  </datafield>
  <datafield tag="923" ind1=" " ind2=" ">
    <subfield code="a">Purchase</subfield>
    <subfield code="s">Acura (V00011048)</subfield>
  </datafield>
</record>