
<record>
  <leader>01129ccm a22002534a 4500</leader>
  <controlfield tag="001">15054777</controlfield>
  <controlfield tag="005">20200103141041.0</controlfield>
  <controlfield tag="008">071022s2003    moucrz|        n  | zxx  </controlfield>
  <datafield tag="906" ind1=" " ind2=" ">
    <subfield code="a">7</subfield>
    <subfield code="b">cbc</subfield>
    <subfield code="c">orignew</subfield>
    <subfield code="d">4</subfield>
    <subfield code="e">ncip</subfield>
    <subfield code="f">20</subfield>
    <subfield code="g">y-genmusic</subfield>
  </datafield>
  <datafield tag="925" ind1="0" ind2=" ">
    <subfield code="a">acquire</subfield>
    <subfield code="b">1 shelf copy</subfield>
    <subfield code="x">policy default</subfield>
  </datafield>
  <datafield tag="955" ind1=" " ind2=" ">
    <subfield code="a">vk00 2007-10-22</subfield>
    <subfield code="i">vk03 2007-10-22</subfield>
    <subfield code="e">vk76 2007-10-26 c. 1 &amp; 2 to Music Division</subfield>
  </datafield>
  <datafield tag="010" ind1=" " ind2=" ">
    <subfield code="a">  2007700464</subfield>
  </datafield>
  <datafield tag="024" ind1="1" ind2=" ">
    <subfield code="a">688670158315</subfield>
  </datafield>
  <datafield tag="028" ind1="2" ind2="2">
    <subfield code="a">MSM 15-831</subfield>
    <subfield code="b">MorningStar Music Publishers</subfield>
  </datafield>
  <datafield tag="040" ind1=" " ind2=" ">
    <subfield code="a">DLC</subfield>
    <subfield code="c">DLC</subfield>
  </datafield>
  <datafield tag="050" ind1="0" ind2="0">
    <subfield code="a">M38.5</subfield>
    <subfield code="b">.C</subfield>
  </datafield>
  <datafield tag="245" ind1="0" ind2="0">
    <subfield code="a">Christmas wonder :</subfield>
    <subfield code="b">ten Christmas carol arrangements for piano /</subfield>
    <subfield code="c">Rudy Davenport.</subfield>
  </datafield>
  <datafield tag="260" ind1=" " ind2=" ">
    <subfield code="a">Fenton, MO :</subfield>
    <subfield code="b">MorningStar Music Publishers,</subfield>
    <subfield code="c">c2003.</subfield>
  </datafield>
  <datafield tag="300" ind1=" " ind2=" ">
    <subfield code="a">44 p. of music ;</subfield>
    <subfield code="c">31 cm.</subfield>
  </datafield>
  <datafield tag="505" ind1="0" ind2=" ">
    <subfield code="a">Angels we have heard on high -- Away in a manger -- Bring a torch, Jeannette, Isabella -- Carol of the bells -- Good King Wenceslas -- The holly and the ivy -- Joy to the world -- O holy night -- Silent night, holy night -- What child is this.</subfield>
  </datafield>
  <datafield tag="650" ind1=" " ind2="0">
    <subfield code="a">Piano music, Arranged.</subfield>
  </datafield>
  <datafield tag="650" ind1=" " ind2="0">
    <subfield code="a">Christmas music</subfield>
  </datafield>
  <datafield tag="650" ind1=" " ind2="0">
    <subfield code="a">Carols</subfield>
    <subfield code="v">Instrumental settings.</subfield>
  </datafield>
  <datafield tag="700" ind1="1" ind2=" ">
    <subfield code="a">Davenport, Rudy,</subfield>
    <subfield code="d">1948-</subfield>
    <subfield code="4">arr</subfield>
  </datafield>
</record>