
<record>
  <leader>02110cam a22002894a 4500</leader>
  <controlfield tag="001">15075353</controlfield>
  <controlfield tag="005">20200103144408.0</controlfield>
  <controlfield tag="008">071108s2008    enk      b    001 0 eng  </controlfield>
  <datafield tag="906" ind1=" " ind2=" ">
    <subfield code="a">7</subfield>
    <subfield code="b">cbc</subfield>
    <subfield code="c">orignew</subfield>
    <subfield code="d">1</subfield>
    <subfield code="e">ecip</subfield>
    <subfield code="f">20</subfield>
    <subfield code="g">y-gencatlg</subfield>
  </datafield>
  <datafield tag="925" ind1="0" ind2=" ">
    <subfield code="a">acquire</subfield>
    <subfield code="b">1 shelf copy</subfield>
    <subfield code="x">policy default</subfield>
  </datafield>
  <datafield tag="955" ind1=" " ind2=" ">
    <subfield code="a">sg29 2007-11-08</subfield>
    <subfield code="i">sg29 2007-11-08</subfield>
    <subfield code="e">sg29 2007-11-08 to Dewey</subfield>
    <subfield code="a">aa04 2007-11-19</subfield>
    <subfield code="a">ps12 2008-07-29 1 copy rec&apos;d., to CIP ver.;</subfield>
    <subfield code="f">sd60 2008-08-04;</subfield>
    <subfield code="g">sd60 2008-08-04 to CALM</subfield>
    <subfield code="a">sg27 2008-08-12 copy 2 added</subfield>
  </datafield>
  <datafield tag="010" ind1=" " ind2=" ">
    <subfield code="a">  2007046432</subfield>
  </datafield>
  <datafield tag="020" ind1=" " ind2=" ">
    <subfield code="a">9780754673637</subfield>
  </datafield>
  <datafield tag="040" ind1=" " ind2=" ">
    <subfield code="a">DLC</subfield>
    <subfield code="c">DLC</subfield>
    <subfield code="d">DLC</subfield>
  </datafield>
  <datafield tag="050" ind1="0" ind2="0">
    <subfield code="a">K3150</subfield>
    <subfield code="b">.C49 2008</subfield>
  </datafield>
  <datafield tag="082" ind1="0" ind2="0">
    <subfield code="a">342.001</subfield>
    <subfield code="2">22</subfield>
  </datafield>
  <datafield tag="100" ind1="1" ind2=" ">
    <subfield code="a">Christodoulidis, Emilios.</subfield>
  </datafield>
  <datafield tag="245" ind1="1" ind2="0">
    <subfield code="a">Public law and politics :</subfield>
    <subfield code="b">the scope and limits of constitutionalism /</subfield>
    <subfield code="c">edited by Emilios Christodoulidis, Stephen Tierney.</subfield>
  </datafield>
  <datafield tag="260" ind1=" " ind2=" ">
    <subfield code="a">Aldershot, Hampshire, England ;</subfield>
    <subfield code="a">Burlington, VT :</subfield>
    <subfield code="b">Ashgate,</subfield>
    <subfield code="c">c2008.</subfield>
  </datafield>
  <datafield tag="300" ind1=" " ind2=" ">
    <subfield code="a">vi, 224 p. ;</subfield>
    <subfield code="c">24 cm.</subfield>
  </datafield>
  <datafield tag="490" ind1="0" ind2=" ">
    <subfield code="a">Edinburgh Centre for Law and Society series</subfield>
  </datafield>
  <datafield tag="504" ind1=" " ind2=" ">
    <subfield code="a">Includes bibliographical references and index.</subfield>
  </datafield>
  <datafield tag="505" ind1="0" ind2=" ">
    <subfield code="a">Sovereignty and the idea of public law / Stephen Tierney -- Authority, exploitation, and the idea of public law / Scott Veitch -- Public law as political jurisprudence: Loughlin&apos;s &apos;Idea of Public Law&apos; / Emilios Christodoulidis -- Reflections on the idea of public law / Martin Loughlin -- On law, democracy and imperialism / James Tully -- Democracy, political reflexivity, and bounded dialogues : reconsidering the monism-pluralism debate / Hans Lindahl -- The reframing of law&apos;s imperial frame : a comment on Tully / Neil Walker -- Imperialism and constitutionalism / Gavin W. Anderson -- Constitutionalism as proceduralism : a glance at the terrain / Frank Michelman -- The crisis of im/purity / Johan Van der Walt -- Between engagement and disengagement : two concepts of civility / Ioannis A. Tassopoulos -- Enabling proceduralism / Victor Tadros.</subfield>
  </datafield>
  <datafield tag="650" ind1=" " ind2="0">
    <subfield code="a">Public law</subfield>
    <subfield code="x">Philosophy.</subfield>
  </datafield>
  <datafield tag="650" ind1=" " ind2="0">
    <subfield code="a">Public law</subfield>
    <subfield code="x">Political aspects.</subfield>
  </datafield>
  <datafield tag="700" ind1="1" ind2=" ">
    <subfield code="a">Tierney, Stephen.</subfield>
  </datafield>
  <datafield tag="856" ind1="4" ind2="1">
    <subfield code="3">Table of contents only</subfield>
    <subfield code="u">http://www.loc.gov/catdir/toc/ecip084/2007046432.html</subfield>
  </datafield>
</record>