
<record>
  <leader>02326cam a2200481 a 4500</leader>
  <controlfield tag="001">15130054</controlfield>
  <controlfield tag="005">20200103130544.0</controlfield>
  <controlfield tag="008">080107m20049999xr       bd   000 0ccze c</controlfield>
  <datafield tag="906" ind1=" " ind2=" ">
    <subfield code="a">7</subfield>
    <subfield code="b">cbc</subfield>
    <subfield code="c">pccadap</subfield>
    <subfield code="d">3</subfield>
    <subfield code="e">ncip</subfield>
    <subfield code="f">20</subfield>
    <subfield code="g">y-gencatlg</subfield>
  </datafield>
  <datafield tag="925" ind1="0" ind2=" ">
    <subfield code="a">acquire</subfield>
    <subfield code="b">1 shelf copy</subfield>
    <subfield code="x">policy default</subfield>
  </datafield>
  <datafield tag="955" ind1=" " ind2=" ">
    <subfield code="a">lg08 2008-01-07 z-processor</subfield>
    <subfield code="a">le00 2008-04-29</subfield>
    <subfield code="a">fc00 2009-04-27 to GS/ECE; v. 5--2010-10-01--fc75</subfield>
    <subfield code="a">fc00 2010-10-04 to GS/ECE</subfield>
    <subfield code="i">fc70 2010-10-08 to BCCD (v. 1-11)</subfield>
    <subfield code="a">fc03 2015-05-22 (v. 17)</subfield>
    <subfield code="a">fc00 2015-05-22 to GS/ECE</subfield>
    <subfield code="c">fc70 2015-05-29 add v. 17 to BCCD</subfield>
    <subfield code="c">fc70 2016-01-13 add v. 18 to BCCD</subfield>
    <subfield code="c">fc70 2017-02-17 add v. 19 to BCCD</subfield>
    <subfield code="a">fc00 2018-01-12 to GS/ECE v. 20</subfield>
    <subfield code="c">fc70 2018-01-12 add v. 20 to BCCD</subfield>
    <subfield code="c">fc19 2019-03-28 add v. 21 to BCCD</subfield>
    <subfield code="a">fc70 20 20-01-03 to GS/ECE added v. 22 to BCCD/Reference</subfield>
  </datafield>
  <datafield tag="010" ind1=" " ind2=" ">
    <subfield code="a">  2008540014</subfield>
  </datafield>
  <datafield tag="020" ind1=" " ind2=" ">
    <subfield code="a">9788072772148 (soubor)</subfield>
  </datafield>
  <datafield tag="020" ind1=" " ind2=" ">
    <subfield code="a">8072772147 (soubor)</subfield>
  </datafield>
  <datafield tag="020" ind1=" " ind2=" ">
    <subfield code="a">9788072772155 (v. 1)</subfield>
  </datafield>
  <datafield tag="020" ind1=" " ind2=" ">
    <subfield code="a">8072772155 (v. 1)</subfield>
  </datafield>
  <datafield tag="020" ind1=" " ind2=" ">
    <subfield code="a">9788072772520 (v. 2)</subfield>
  </datafield>
  <datafield tag="020" ind1=" " ind2=" ">
    <subfield code="a">807277252X (v. 2)</subfield>
  </datafield>
  <datafield tag="020" ind1=" " ind2=" ">
    <subfield code="a">9788072772872 (v. 3)</subfield>
  </datafield>
  <datafield tag="020" ind1=" " ind2=" ">
    <subfield code="a">8072772872 (v. 3)</subfield>
  </datafield>
  <datafield tag="020" ind1=" " ind2=" ">
    <subfield code="a">9788072772995 (v. 4)</subfield>
  </datafield>
  <datafield tag="020" ind1=" " ind2=" ">
    <subfield code="a">8072772996 (v. 4)</subfield>
  </datafield>
  <datafield tag="020" ind1=" " ind2=" ">
    <subfield code="a">9788072773091 (v. 5)</subfield>
  </datafield>
  <datafield tag="020" ind1=" " ind2=" ">
    <subfield code="a">8072773097 (v. 5)</subfield>
  </datafield>
  <datafield tag="020" ind1=" " ind2=" ">
    <subfield code="a">9788072772391 (v. 6)</subfield>
  </datafield>
  <datafield tag="020" ind1=" " ind2=" ">
    <subfield code="a">8072772392 (v. 6)</subfield>
  </datafield>
  <datafield tag="020" ind1=" " ind2=" ">
    <subfield code="a">9788020028716 (v. 21)</subfield>
  </datafield>
  <datafield tag="035" ind1=" " ind2=" ">
    <subfield code="a">(OCoLC)ocm56013842</subfield>
  </datafield>
  <datafield tag="040" ind1=" " ind2=" ">
    <subfield code="a">EQO</subfield>
    <subfield code="c">EQO</subfield>
    <subfield code="d">CGU</subfield>
    <subfield code="d">OCLCQ</subfield>
    <subfield code="d">IUL</subfield>
    <subfield code="d">DLC</subfield>
  </datafield>
  <datafield tag="042" ind1=" " ind2=" ">
    <subfield code="a">pcc</subfield>
  </datafield>
  <datafield tag="043" ind1=" " ind2=" ">
    <subfield code="a">e-xr---</subfield>
  </datafield>
  <datafield tag="050" ind1="0" ind2="0">
    <subfield code="a">DB2045</subfield>
    <subfield code="b">.B564 2004</subfield>
  </datafield>
  <datafield tag="245" ind1="0" ind2="0">
    <subfield code="a">Biografický slovník českých zemí /</subfield>
    <subfield code="c">[Pavla Vošahlíková, vedoucí projektu ; Jan Novotný, vedoucí redaktor I. sešitu ... et al.].</subfield>
  </datafield>
  <datafield tag="246" ind1="3" ind2=" ">
    <subfield code="a">BSČZ</subfield>
  </datafield>
  <datafield tag="250" ind1=" " ind2=" ">
    <subfield code="a">Vyd. 1.</subfield>
  </datafield>
  <datafield tag="260" ind1=" " ind2=" ">
    <subfield code="a">Praha :</subfield>
    <subfield code="b">Historický ústav AV ČR :</subfield>
    <subfield code="b">Libri :</subfield>
    <subfield code="b">Academia,</subfield>
    <subfield code="c">2004-&lt;2019&gt;</subfield>
  </datafield>
  <datafield tag="300" ind1=" " ind2=" ">
    <subfield code="a">v. &lt;1-11, 18-22&gt; ;</subfield>
    <subfield code="c">27 cm.</subfield>
  </datafield>
  <datafield tag="500" ind1=" " ind2=" ">
    <subfield code="a">Editors vary.</subfield>
  </datafield>
  <datafield tag="505" ind1="1" ind2=" ">
    <subfield code="a">1. sv. A. -- 2. sv. B-Bař -- 3. sv. Bas-Bend -- 4. sv. Bene-Bez -- 5. sv. Bi-Bog -- 6. sv. Boh-Bož. -- 7. sv. Bra-Brum -- 8. sv. Brun-By -- 9. sv. C -- 10. sv. Č-Čerma -- 11. sv. Čern-Čž -- 17. Fi-Fn -- 18. Fo-Fr -- 19. Fu-Gn -- 20. Go-Gz -- 21. H-Ham -- 22. Han-Hau</subfield>
  </datafield>
  <datafield tag="504" ind1=" " ind2=" ">
    <subfield code="a">Includes bibliographical references.</subfield>
  </datafield>
  <datafield tag="651" ind1=" " ind2="0">
    <subfield code="a">Czech Republic</subfield>
    <subfield code="v">Biography</subfield>
    <subfield code="v">Dictionaries.</subfield>
  </datafield>
  <datafield tag="700" ind1="1" ind2=" ">
    <subfield code="a">Novotný, Jan,</subfield>
    <subfield code="d">1930-</subfield>
  </datafield>
  <datafield tag="700" ind1="1" ind2=" ">
    <subfield code="a">Vošahlíková, Pavla.</subfield>
  </datafield>
</record>