
<record>
  <leader>02308ccm a2200289 a 4500</leader>
  <controlfield tag="001">15131867</controlfield>
  <controlfield tag="005">20200103143025.0</controlfield>
  <controlfield tag="008">080108s2004    xxuhyz|        n  | eng  </controlfield>
  <datafield tag="906" ind1=" " ind2=" ">
    <subfield code="a">7</subfield>
    <subfield code="b">cbc</subfield>
    <subfield code="c">origres</subfield>
    <subfield code="d">3</subfield>
    <subfield code="e">ncip</subfield>
    <subfield code="f">20</subfield>
    <subfield code="g">y-genmusic</subfield>
  </datafield>
  <datafield tag="925" ind1="0" ind2=" ">
    <subfield code="a">acquire</subfield>
    <subfield code="b">1 shelf copy</subfield>
    <subfield code="x">policy default</subfield>
  </datafield>
  <datafield tag="955" ind1=" " ind2=" ">
    <subfield code="a">vk37 2008-01-08 z-client</subfield>
    <subfield code="i">vk37 2008-01-08</subfield>
    <subfield code="e">vk76 2008-01-10 c. 1 &amp; 2 to Music Division</subfield>
  </datafield>
  <datafield tag="010" ind1=" " ind2=" ">
    <subfield code="a">  2008560192</subfield>
  </datafield>
  <datafield tag="024" ind1="1" ind2=" ">
    <subfield code="a">080689391385</subfield>
  </datafield>
  <datafield tag="028" ind1="3" ind2="2">
    <subfield code="a">0 80689 39138 5</subfield>
    <subfield code="b">Word Music</subfield>
  </datafield>
  <datafield tag="040" ind1=" " ind2=" ">
    <subfield code="a">DLC</subfield>
    <subfield code="c">DLC</subfield>
    <subfield code="d">DLC</subfield>
  </datafield>
  <datafield tag="042" ind1=" " ind2=" ">
    <subfield code="a">lccopycat</subfield>
  </datafield>
  <datafield tag="050" ind1="0" ind2="0">
    <subfield code="a">M38.5</subfield>
    <subfield code="b">.S</subfield>
  </datafield>
  <datafield tag="245" ind1="0" ind2="0">
    <subfield code="a">Sunday morning blend.</subfield>
    <subfield code="n">Volume 3 :</subfield>
    <subfield code="b">hymns plus praise &amp; worship songs : includes chord symbols /</subfield>
    <subfield code="c">arranged by Carol Tornquist ; edited by Carol Tornquist &amp; Ken Barker.</subfield>
  </datafield>
  <datafield tag="260" ind1=" " ind2=" ">
    <subfield code="a">[United States] :</subfield>
    <subfield code="b">Word Music ,</subfield>
    <subfield code="c">c2004.</subfield>
  </datafield>
  <datafield tag="300" ind1=" " ind2=" ">
    <subfield code="a">127 p. of music ;</subfield>
    <subfield code="c">31 cm.</subfield>
  </datafield>
  <datafield tag="500" ind1=" " ind2=" ">
    <subfield code="a">For piano.</subfield>
  </datafield>
  <datafield tag="500" ind1=" " ind2=" ">
    <subfield code="a">Medium difficult.</subfield>
  </datafield>
  <datafield tag="505" ind1="0" ind2=" ">
    <subfield code="a">Better is one day ; Come into His presence -- Breathe ; Fill me now -- Change my heart, Oh God ; Cleanse me -- Cry of my heart ; I&apos;ll go where you want me to go -- Did you feel the mountains tremble? ; Alleluia! Alleluia! -- Forever ; The love of God -- Here I am to worship ; Fairest Lord Jesus -- Holy and annointed one ; Christ, we do all adore Thee -- Holy, holy holy ; Holy, holy, holy! Lord God almighty -- In the presence of Jehovah ; Like a river glorious -- Let everything that has breath ; All creatures of our God and King -- Let my words be few ; My Jesus, I love Thee -- Oh, the glory of Your presence ; Jesus, the very thought of Thee -- Once again ; What a wonderful Savior -- Refiner&apos;s fire ; Take time to be holy -- Shout to the north ; O for a thousand tongues to sing -- Take my life ; Take my life and let it be consecrated -- The power of Your love ; My Savior&apos;s love -- The wonderful cross ; The old rugged cross -- We fall down ; Praise God from whom all blessings flow -- We want to see Jesus lifted high ; Jesus shall reign -- Who can satisfy my soul like you? ; Blessed assurance -- Word of God, speak ; Break thou the bread of life -- You are my king (Amazing love) ; Love divine, all loves excelling -- You are so good to me ; God is so good.</subfield>
  </datafield>
  <datafield tag="650" ind1=" " ind2="0">
    <subfield code="a">Piano music, Arranged.</subfield>
  </datafield>
  <datafield tag="650" ind1=" " ind2="0">
    <subfield code="a">Hymns</subfield>
    <subfield code="v">Instrumental settings.</subfield>
  </datafield>
  <datafield tag="700" ind1="1" ind2=" ">
    <subfield code="a">Tornquist, Carol.</subfield>
    <subfield code="4">arr</subfield>
  </datafield>
  <datafield tag="700" ind1="1" ind2=" ">
    <subfield code="a">Barker, Ken.</subfield>
  </datafield>
</record>