
<record>
  <leader>02262ccm a2200277 a 4500</leader>
  <controlfield tag="001">15131924</controlfield>
  <controlfield tag="005">20200103143153.0</controlfield>
  <controlfield tag="008">080108s2006    xxuhyz|        n  | eng  </controlfield>
  <datafield tag="906" ind1=" " ind2=" ">
    <subfield code="a">7</subfield>
    <subfield code="b">cbc</subfield>
    <subfield code="c">origres</subfield>
    <subfield code="d">3</subfield>
    <subfield code="e">ncip</subfield>
    <subfield code="f">20</subfield>
    <subfield code="g">y-genmusic</subfield>
  </datafield>
  <datafield tag="925" ind1="0" ind2=" ">
    <subfield code="a">acquire</subfield>
    <subfield code="b">1 shelf copy</subfield>
    <subfield code="x">policy default</subfield>
  </datafield>
  <datafield tag="955" ind1=" " ind2=" ">
    <subfield code="a">vk37 2008-01-08 z-client</subfield>
    <subfield code="i">vk37 2008-01-08</subfield>
    <subfield code="e">vk76 2008-01-10 c. 1 &amp; 2 to Music Division</subfield>
  </datafield>
  <datafield tag="010" ind1=" " ind2=" ">
    <subfield code="a">  2008560193</subfield>
  </datafield>
  <datafield tag="024" ind1="1" ind2=" ">
    <subfield code="a">080689430381</subfield>
  </datafield>
  <datafield tag="028" ind1="3" ind2="2">
    <subfield code="a">0 80689 430381</subfield>
    <subfield code="b">Word Music</subfield>
  </datafield>
  <datafield tag="040" ind1=" " ind2=" ">
    <subfield code="a">DLC</subfield>
    <subfield code="c">DLC</subfield>
  </datafield>
  <datafield tag="050" ind1="0" ind2="0">
    <subfield code="a">M38.5</subfield>
    <subfield code="b">.S</subfield>
  </datafield>
  <datafield tag="245" ind1="0" ind2="0">
    <subfield code="a">Sunday morning blend.</subfield>
    <subfield code="n">Volume 4 :</subfield>
    <subfield code="b">hymns plus praise &amp; worship songs : includes chord symbols /</subfield>
    <subfield code="c">arranged by Carol Tornquist ; edited by Ken Barker &amp; Carol Tornquist.</subfield>
  </datafield>
  <datafield tag="260" ind1=" " ind2=" ">
    <subfield code="a">[United States] :</subfield>
    <subfield code="b">Word Music,</subfield>
    <subfield code="c">c2006.</subfield>
  </datafield>
  <datafield tag="300" ind1=" " ind2=" ">
    <subfield code="a">103 p. of music ;</subfield>
    <subfield code="c">31 cm.</subfield>
  </datafield>
  <datafield tag="500" ind1=" " ind2=" ">
    <subfield code="a">For piano.</subfield>
  </datafield>
  <datafield tag="500" ind1=" " ind2=" ">
    <subfield code="a">Medium difficult.</subfield>
  </datafield>
  <datafield tag="505" ind1="0" ind2=" ">
    <subfield code="a">Ancient words ; How firm a foundation -- Be unto Your name ; Holy, holy, holy! Lord God almighty -- Blessed be Your name ; All hail the power of Jesus&apos; name -- Eagle&apos;s wings ; Fill me now -- Famous one ; Praise the Lord! Ye heavens adore Him -- Give us clean hands ; Cleanse me -- Holy is the Lord ; Stand up and bless the Lord -- How deep the father&apos;s love for us ; Love divine, all loves excelling -- How great is our God ; A mighty fortress is our God -- I give you my heart ; My Jesus, I love Thee -- I offer my life ; O Jesus, I have promised -- In Christ alone (My hope is found) ; The solid rock -- Jesus, lover of my soul ; I need Thee every hour -- Lord most high ; Praise Him! Praise Him! -- Lord, You have my heart ; Higher ground -- No greater love ; The love of God -- Only a God like You ; All creatures of our God and king -- Praise adonai ; May Jesus Christ be praised -- Sing to the king ; I sing the mighty power of God -- Thank you, Lord ; Praise God from whom all blessings flow -- When the night is falling ; Jesus loves me -- Wonderful maker ; O for a thousand tongues to sing -- Wonderful, merciful savior ; I will sing of the mercies -- Worthy is the lamb ; Crown Him with many crowns -- You are my all in all ; My faith looks up to Thee.</subfield>
  </datafield>
  <datafield tag="650" ind1=" " ind2="0">
    <subfield code="a">Piano music, Arranged.</subfield>
  </datafield>
  <datafield tag="650" ind1=" " ind2="0">
    <subfield code="a">Hymns</subfield>
    <subfield code="v">Instrumental settings.</subfield>
  </datafield>
  <datafield tag="700" ind1="1" ind2=" ">
    <subfield code="a">Tornquist, Carol.</subfield>
  </datafield>
  <datafield tag="700" ind1="1" ind2=" ">
    <subfield code="a">Barker, Ken.</subfield>
  </datafield>
</record>