
<record>
  <leader>01751cam a22002774a 4500</leader>
  <controlfield tag="001">15228101</controlfield>
  <controlfield tag="005">20200103105817.0</controlfield>
  <controlfield tag="008">080321s2008    flua     b    001 0 eng  </controlfield>
  <datafield tag="906" ind1=" " ind2=" ">
    <subfield code="a">7</subfield>
    <subfield code="b">cbc</subfield>
    <subfield code="c">orignew</subfield>
    <subfield code="d">1</subfield>
    <subfield code="e">ecip</subfield>
    <subfield code="f">20</subfield>
    <subfield code="g">y-gencatlg</subfield>
  </datafield>
  <datafield tag="925" ind1="0" ind2=" ">
    <subfield code="a">acquire</subfield>
    <subfield code="b">1 shelf copy</subfield>
    <subfield code="x">policy default</subfield>
  </datafield>
  <datafield tag="955" ind1=" " ind2=" ">
    <subfield code="a">sg77 2008-03-21</subfield>
    <subfield code="c">sg77 2008-03-21</subfield>
    <subfield code="d">sg17 2008-03-24</subfield>
    <subfield code="e">sg21 2008-03-24 to Dewey</subfield>
    <subfield code="a">aa04 2008-03-24</subfield>
    <subfield code="a">sg77 2008-05-09 completed publisher request to reverse order of authors</subfield>
    <subfield code="a">ps04 2008-07-16 1 copy rec&apos;d., to CIP ver.</subfield>
    <subfield code="f">sg14 2008-07-18</subfield>
    <subfield code="g">sg14 2008-07-18 to LL</subfield>
    <subfield code="a">xg20 2009-07-13 copy 2 added</subfield>
  </datafield>
  <datafield tag="010" ind1=" " ind2=" ">
    <subfield code="a">  2008012170</subfield>
  </datafield>
  <datafield tag="020" ind1=" " ind2=" ">
    <subfield code="a">9781420065923 (hardback : alk. paper)</subfield>
  </datafield>
  <datafield tag="040" ind1=" " ind2=" ">
    <subfield code="a">DLC</subfield>
    <subfield code="c">DLC</subfield>
    <subfield code="d">DLC</subfield>
  </datafield>
  <datafield tag="050" ind1="0" ind2="0">
    <subfield code="a">K5001</subfield>
    <subfield code="b">.R62 2008</subfield>
  </datafield>
  <datafield tag="082" ind1="0" ind2="0">
    <subfield code="a">345.73</subfield>
    <subfield code="2">22</subfield>
  </datafield>
  <datafield tag="100" ind1="1" ind2=" ">
    <subfield code="a">Roberson, Cliff,</subfield>
    <subfield code="d">1937-</subfield>
  </datafield>
  <datafield tag="245" ind1="1" ind2="3">
    <subfield code="a">An introduction to comparative legal models of criminal justice /</subfield>
    <subfield code="c">authors, Cliff Roberson,  Dilip K. Das.</subfield>
  </datafield>
  <datafield tag="260" ind1=" " ind2=" ">
    <subfield code="a">Boca Raton, FL :</subfield>
    <subfield code="b">CRC Press,</subfield>
    <subfield code="c">2008.</subfield>
  </datafield>
  <datafield tag="300" ind1=" " ind2=" ">
    <subfield code="a">xv, 335 p. :</subfield>
    <subfield code="b">ill. ;</subfield>
    <subfield code="c">24 cm.</subfield>
  </datafield>
  <datafield tag="504" ind1=" " ind2=" ">
    <subfield code="a">Includes bibliographical references ( p. 305-310) and index.</subfield>
  </datafield>
  <datafield tag="505" ind1="0" ind2=" ">
    <subfield code="a">Common law model : the courts -- Policing and corrections under the common law model -- Civil law model : the courts -- Policing and corrections under the civil law model -- The Islamic law model : the courts -- Policing and corrections under the Islamic legal model -- The socialist law model : the courts -- Policing and corrections under the socialist law model -- Mixed law models -- International courts -- International criminal justice agencies and associations.</subfield>
  </datafield>
  <datafield tag="650" ind1=" " ind2="0">
    <subfield code="a">Criminal justice, Administration of.</subfield>
  </datafield>
  <datafield tag="650" ind1=" " ind2="0">
    <subfield code="a">Comparative law.</subfield>
  </datafield>
  <datafield tag="700" ind1="1" ind2=" ">
    <subfield code="a">Das, Dilip K.,</subfield>
    <subfield code="d">1941-</subfield>
  </datafield>
  <datafield tag="856" ind1="4" ind2="1">
    <subfield code="3">Table of contents only</subfield>
    <subfield code="u">http://www.loc.gov/catdir/toc/ecip0814/2008012170.html</subfield>
  </datafield>
</record>