
<record>
  <leader>02872cas a2200649 a 4500</leader>
  <controlfield tag="001">15251986</controlfield>
  <controlfield tag="005">20200103075650.0</controlfield>
  <controlfield tag="006">m     o  d        </controlfield>
  <controlfield tag="007">cr mnu||||||||</controlfield>
  <controlfield tag="008">011120c19579999nyumx pso     0   a0eng c</controlfield>
  <datafield tag="010" ind1=" " ind2=" ">
    <subfield code="a">  2008233215</subfield>
  </datafield>
  <datafield tag="016" ind1="7" ind2=" ">
    <subfield code="a">2037335-1</subfield>
    <subfield code="2">DE-600</subfield>
  </datafield>
  <datafield tag="016" ind1="7" ind2=" ">
    <subfield code="a">012431835</subfield>
    <subfield code="2">Uk</subfield>
  </datafield>
  <datafield tag="022" ind1="0" ind2=" ">
    <subfield code="a">1573-8892</subfield>
    <subfield code="l">0026-0894</subfield>
    <subfield code="2">j</subfield>
  </datafield>
  <datafield tag="030" ind1=" " ind2=" ">
    <subfield code="a">MTLUA8</subfield>
  </datafield>
  <datafield tag="035" ind1=" " ind2=" ">
    <subfield code="a">(OCoLC)ocm48463604 </subfield>
  </datafield>
  <datafield tag="037" ind1=" " ind2=" ">
    <subfield code="b">Kluwer Academic-Plenum-Human Sciences Press, 233 Spring Street, New York, NY 10013-1578</subfield>
  </datafield>
  <datafield tag="040" ind1=" " ind2=" ">
    <subfield code="a">F#A</subfield>
    <subfield code="b">eng</subfield>
    <subfield code="e">pn</subfield>
    <subfield code="c">F#A</subfield>
    <subfield code="d">OCLCQ</subfield>
    <subfield code="d">GUA</subfield>
    <subfield code="d">QCL</subfield>
    <subfield code="d">NSD</subfield>
    <subfield code="d">U9S</subfield>
    <subfield code="d">OCLCQ</subfield>
    <subfield code="d">OCLCF</subfield>
    <subfield code="d">OCLCO</subfield>
    <subfield code="d">OCLCQ</subfield>
    <subfield code="d">WT2</subfield>
    <subfield code="d">OCLCQ</subfield>
    <subfield code="d">AU@</subfield>
    <subfield code="d">UKMGB</subfield>
    <subfield code="d">VT2</subfield>
    <subfield code="d">NJT</subfield>
    <subfield code="d">DLC</subfield>
  </datafield>
  <datafield tag="041" ind1="1" ind2=" ">
    <subfield code="a">eng</subfield>
    <subfield code="h">rus</subfield>
  </datafield>
  <datafield tag="042" ind1=" " ind2=" ">
    <subfield code="a">pcc</subfield>
    <subfield code="a">nsdp</subfield>
  </datafield>
  <datafield tag="050" ind1="0" ind2="0">
    <subfield code="a">TS300</subfield>
  </datafield>
  <datafield tag="082" ind1="0" ind2="4">
    <subfield code="a">669</subfield>
  </datafield>
  <datafield tag="130" ind1="0" ind2=" ">
    <subfield code="a">Metallurgist (Online)</subfield>
  </datafield>
  <datafield tag="210" ind1="0" ind2=" ">
    <subfield code="a">Metallurgist</subfield>
    <subfield code="b">(Dordr., Online)</subfield>
  </datafield>
  <datafield tag="222" ind1=" " ind2="0">
    <subfield code="a">Metallurgist</subfield>
    <subfield code="b">(Dordrecht. Online)</subfield>
  </datafield>
  <datafield tag="245" ind1="1" ind2="0">
    <subfield code="a">Metallurgist.</subfield>
  </datafield>
  <datafield tag="260" ind1=" " ind2=" ">
    <subfield code="a">[New York, N.Y.] :</subfield>
    <subfield code="b">Kluwer Academic-Plenum-Human Sciences Press</subfield>
  </datafield>
  <datafield tag="260" ind1="3" ind2=" ">
    <subfield code="3">&lt;2006-&gt; :</subfield>
    <subfield code="a">[New York] :</subfield>
    <subfield code="b">Springer US</subfield>
  </datafield>
  <datafield tag="310" ind1=" " ind2=" ">
    <subfield code="a">Twelve issues a year</subfield>
  </datafield>
  <datafield tag="336" ind1=" " ind2=" ">
    <subfield code="a">text</subfield>
    <subfield code="b">txt</subfield>
    <subfield code="2">rdacontent</subfield>
  </datafield>
  <datafield tag="337" ind1=" " ind2=" ">
    <subfield code="a">computer</subfield>
    <subfield code="b">c</subfield>
    <subfield code="2">rdamedia</subfield>
  </datafield>
  <datafield tag="338" ind1=" " ind2=" ">
    <subfield code="a">online resource</subfield>
    <subfield code="b">cr</subfield>
    <subfield code="2">rdacarrier</subfield>
  </datafield>
  <datafield tag="362" ind1="1" ind2=" ">
    <subfield code="a">Print began in 1957.</subfield>
  </datafield>
  <datafield tag="538" ind1=" " ind2=" ">
    <subfield code="a">Mode of access: World Wide Web.</subfield>
  </datafield>
  <datafield tag="588" ind1=" " ind2=" ">
    <subfield code="a">Description based on: Vol. 41, no. 1/2 (Jan. 1997); title from journal information screen (SpringerLink, viewed Jan. 16, 2008).</subfield>
  </datafield>
  <datafield tag="588" ind1=" " ind2=" ">
    <subfield code="a">Latest issue consulted: Vol. 63, no. 7/8 (Nov. 2019) (SpringerLink, viewed Dec. 23, 2019).</subfield>
  </datafield>
  <datafield tag="650" ind1=" " ind2="0">
    <subfield code="a">Iron industry and trade</subfield>
    <subfield code="v">Periodicals.</subfield>
  </datafield>
  <datafield tag="650" ind1=" " ind2="0">
    <subfield code="a">Steel industry and trade</subfield>
    <subfield code="v">Periodicals.</subfield>
  </datafield>
  <datafield tag="650" ind1=" " ind2="6">
    <subfield code="a">Fer</subfield>
    <subfield code="x">Industrie et commerce</subfield>
    <subfield code="v">Périodiques.</subfield>
  </datafield>
  <datafield tag="650" ind1=" " ind2="6">
    <subfield code="a">Sidérurgie</subfield>
    <subfield code="x">Périodiques.</subfield>
  </datafield>
  <datafield tag="650" ind1=" " ind2="7">
    <subfield code="a">Iron industry and trade.</subfield>
    <subfield code="2">fast</subfield>
    <subfield code="0">(OCoLC)fst00979219</subfield>
  </datafield>
  <datafield tag="650" ind1=" " ind2="7">
    <subfield code="a">Steel industry and trade.</subfield>
    <subfield code="2">fast</subfield>
    <subfield code="0">(OCoLC)fst01132646</subfield>
  </datafield>
  <datafield tag="650" ind1=" " ind2="7">
    <subfield code="a">Metallurgy.</subfield>
    <subfield code="2">ebps</subfield>
  </datafield>
  <datafield tag="655" ind1=" " ind2="7">
    <subfield code="a">Periodicals.</subfield>
    <subfield code="2">fast</subfield>
    <subfield code="0">(OCoLC)fst01411641</subfield>
  </datafield>
  <datafield tag="655" ind1=" " ind2="0">
    <subfield code="a">Electronic journals.</subfield>
  </datafield>
  <datafield tag="730" ind1="0" ind2=" ">
    <subfield code="a">Metallurg (Online)</subfield>
  </datafield>
  <datafield tag="765" ind1="0" ind2=" ">
    <subfield code="t">Metallurg (Online)</subfield>
  </datafield>
  <datafield tag="776" ind1="0" ind2="8">
    <subfield code="i">Print version:</subfield>
    <subfield code="t">Metallurgist</subfield>
    <subfield code="x">0026-0894</subfield>
    <subfield code="w">(DLC)   61020863</subfield>
    <subfield code="w">(OCoLC)1928486</subfield>
  </datafield>
  <datafield tag="850" ind1=" " ind2=" ">
    <subfield code="a">DLC</subfield>
  </datafield>
  <datafield tag="859" ind1="4" ind2="0">
    <subfield code="u">https://link.springer.com/journal/11015</subfield>
  </datafield>
  <datafield tag="859" ind1="4" ind2="0">
    <subfield code="u">http://www.springerlink.com/content/106487/</subfield>
  </datafield>
  <datafield tag="859" ind1="4" ind2=" ">
    <subfield code="u">http://firstsearch.oclc.org</subfield>
    <subfield code="z">Address for accessing the journal using authorization number and password through OCLC FirstSearch Electronic Collections Online</subfield>
  </datafield>
  <datafield tag="859" ind1="4" ind2=" ">
    <subfield code="u">http://firstsearch.oclc.org/journal=0026-0894;screen=info;ECOIP</subfield>
    <subfield code="z">Address for accessing the journal from an authorized IP address through OCLC FirstSearch Electronic Collections Online</subfield>
  </datafield>
  <datafield tag="906" ind1=" " ind2=" ">
    <subfield code="a">7</subfield>
    <subfield code="b">cbc</subfield>
    <subfield code="c">sercoop</subfield>
    <subfield code="d">2</subfield>
    <subfield code="e">ncip</subfield>
    <subfield code="f">20</subfield>
    <subfield code="g">n-oclcserc</subfield>
  </datafield>
  <datafield tag="925" ind1="0" ind2=" ">
    <subfield code="a">acquire</subfield>
    <subfield code="e">edeposit</subfield>
    <subfield code="x">policy default</subfield>
  </datafield>
  <datafield tag="955" ind1=" " ind2=" ">
    <subfield code="c">df27 2008-04-08 (ISSN)</subfield>
    <subfield code="a">rh00 2018-04-12</subfield>
    <subfield code="i">rh25 2019-12-23</subfield>
  </datafield>
  <datafield tag="985" ind1=" " ind2=" ">
    <subfield code="d">20180523</subfield>
    <subfield code="e">edeposit SR16574540364</subfield>
  </datafield>
</record>