
<record>
  <leader>02025ccm a2200325 a 4500</leader>
  <controlfield tag="001">15325154</controlfield>
  <controlfield tag="005">20200103114037.0</controlfield>
  <controlfield tag="008">080611s2007    nyuuuz|        n  | zxx d</controlfield>
  <datafield tag="906" ind1=" " ind2=" ">
    <subfield code="a">7</subfield>
    <subfield code="b">cbc</subfield>
    <subfield code="c">copycat</subfield>
    <subfield code="d">2</subfield>
    <subfield code="e">ncip</subfield>
    <subfield code="f">20</subfield>
    <subfield code="g">y-genmusic</subfield>
  </datafield>
  <datafield tag="925" ind1="0" ind2=" ">
    <subfield code="a">acquire</subfield>
    <subfield code="b">1 shelf copy</subfield>
    <subfield code="x">policy default</subfield>
  </datafield>
  <datafield tag="955" ind1=" " ind2=" ">
    <subfield code="a">vl00 2008-06-11</subfield>
    <subfield code="a">vk67 2008-06-11 z-client</subfield>
    <subfield code="i">vk67 2008-06-11</subfield>
    <subfield code="e">vl12 2008-06-13 c. 1 &amp; 2 to Music Division</subfield>
  </datafield>
  <datafield tag="010" ind1=" " ind2=" ">
    <subfield code="a">  2008573367</subfield>
  </datafield>
  <datafield tag="020" ind1=" " ind2=" ">
    <subfield code="a">1575609320 (pbk.)</subfield>
  </datafield>
  <datafield tag="020" ind1=" " ind2=" ">
    <subfield code="a">9781575609324 (pbk.)</subfield>
  </datafield>
  <datafield tag="024" ind1="1" ind2=" ">
    <subfield code="a">884088116217</subfield>
  </datafield>
  <datafield tag="028" ind1="3" ind2="2">
    <subfield code="a">02500972</subfield>
    <subfield code="b">Hal Leonard</subfield>
  </datafield>
  <datafield tag="035" ind1=" " ind2=" ">
    <subfield code="a">(OCoLC)ocn122257300</subfield>
  </datafield>
  <datafield tag="035" ind1=" " ind2=" ">
    <subfield code="a">(OCoLC)122257300</subfield>
  </datafield>
  <datafield tag="040" ind1=" " ind2=" ">
    <subfield code="a">OCO</subfield>
    <subfield code="c">OCO</subfield>
    <subfield code="d">BAKER</subfield>
    <subfield code="d">BTCTA</subfield>
    <subfield code="d">DLC</subfield>
  </datafield>
  <datafield tag="042" ind1=" " ind2=" ">
    <subfield code="a">lccopycat</subfield>
  </datafield>
  <datafield tag="050" ind1="0" ind2="0">
    <subfield code="a">M38.3</subfield>
    <subfield code="b">.B</subfield>
  </datafield>
  <datafield tag="100" ind1="1" ind2=" ">
    <subfield code="a">Beethoven, Ludwig van,</subfield>
    <subfield code="d">1770-1827.</subfield>
  </datafield>
  <datafield tag="240" ind1="1" ind2="0">
    <subfield code="a">Works.</subfield>
    <subfield code="k">Selections;</subfield>
    <subfield code="o">arranged</subfield>
  </datafield>
  <datafield tag="245" ind1="1" ind2="0">
    <subfield code="a">Beethoven&apos;s most beautiful melodies :</subfield>
    <subfield code="b">easy piano /</subfield>
    <subfield code="c">arranged by David Pearl.</subfield>
  </datafield>
  <datafield tag="260" ind1=" " ind2=" ">
    <subfield code="a">[New York] :</subfield>
    <subfield code="b">Cherry Lane ;</subfield>
    <subfield code="a">Milwaukee, Wis. :</subfield>
    <subfield code="b">Distributed by Hal Leonard,</subfield>
    <subfield code="c">c2007.</subfield>
  </datafield>
  <datafield tag="300" ind1=" " ind2=" ">
    <subfield code="a">46 p. of music ;</subfield>
    <subfield code="c">31 cm.</subfield>
  </datafield>
  <datafield tag="500" ind1=" " ind2=" ">
    <subfield code="a">Cover title.</subfield>
  </datafield>
  <datafield tag="505" ind1="0" ind2=" ">
    <subfield code="a">Adelaide -- Allegro in G for mechanical clock -- Egmont overture -- Für Elise -- Minuet in G -- Piano concerto no. 3, third movement -- Piano concerto no. 5, second movement -- Piano sonata no. 8, &quot;Pathétique,&quot; second movement -- Piano sonata no. 14 &quot;Moonlight,&quot; first movement -- Piano sonata no. 19, first movement -- Piano sonata no. 30, third movement -- Piano sonata no. 31, first movement -- Piano trio no. 7 &quot;Archduke,&quot; third movement -- Quintet for piano and winds, second movement -- Romance no. 2 for violin and orchestra -- Sonatina -- String quartet no. 10 &quot;Harp,&quot; second movement -- String quartet no. 13, fifth movement (&quot;Cavatina&quot;) -- Symphony no. 1, second movement -- Symphony no 2, second movement -- Symphony no. 6 &quot;Pastoral,&quot; first movement -- Symphony no. 9, fourth movement (&quot;Ode to joy&quot;) -- Violin sonata no. 9 &quot;Kreutzer,&quot; second movement.</subfield>
  </datafield>
  <datafield tag="650" ind1=" " ind2="0">
    <subfield code="a">Piano music</subfield>
    <subfield code="v">Simplified editions.</subfield>
  </datafield>
  <datafield tag="700" ind1="1" ind2=" ">
    <subfield code="a">Pearl, David</subfield>
    <subfield code="c">(Pianist)</subfield>
  </datafield>
</record>