
<record>
  <leader>01745ccm a2200409 a 4500</leader>
  <controlfield tag="001">15325878</controlfield>
  <controlfield tag="005">20200103131509.0</controlfield>
  <controlfield tag="008">080611s2006    gw uua|        n  | zxx d</controlfield>
  <datafield tag="906" ind1=" " ind2=" ">
    <subfield code="a">7</subfield>
    <subfield code="b">cbc</subfield>
    <subfield code="c">copycat</subfield>
    <subfield code="d">2</subfield>
    <subfield code="e">ncip</subfield>
    <subfield code="f">20</subfield>
    <subfield code="g">y-genmusic</subfield>
  </datafield>
  <datafield tag="925" ind1="0" ind2=" ">
    <subfield code="a">acquire</subfield>
    <subfield code="b">2 shelf copies</subfield>
    <subfield code="x">policy default</subfield>
  </datafield>
  <datafield tag="955" ind1=" " ind2=" ">
    <subfield code="a">vl00 2009-01-30</subfield>
    <subfield code="a">vk67 2009-01-30 z-client</subfield>
    <subfield code="i">vk67 2009-01-30</subfield>
    <subfield code="e">vl34 2009-02-06 to Music Division</subfield>
  </datafield>
  <datafield tag="955" ind1=" " ind2=" ">
    <subfield code="a">of04 2008-6-11 to SMCD</subfield>
  </datafield>
  <datafield tag="010" ind1=" " ind2=" ">
    <subfield code="a">  2008422770</subfield>
  </datafield>
  <datafield tag="024" ind1="2" ind2=" ">
    <subfield code="a">M501354788</subfield>
  </datafield>
  <datafield tag="028" ind1="2" ind2="2">
    <subfield code="a">ACC.1121</subfield>
    <subfield code="b">Accolade</subfield>
  </datafield>
  <datafield tag="035" ind1=" " ind2=" ">
    <subfield code="a">(OCoLC)ocm76949821</subfield>
  </datafield>
  <datafield tag="035" ind1=" " ind2=" ">
    <subfield code="a">(OCoLC)76949821</subfield>
  </datafield>
  <datafield tag="040" ind1=" " ind2=" ">
    <subfield code="a">OHX</subfield>
    <subfield code="c">OHX</subfield>
    <subfield code="d">OCLCQ</subfield>
    <subfield code="d">CUY</subfield>
    <subfield code="d">OCLCG</subfield>
    <subfield code="d">EMU</subfield>
    <subfield code="d">DLC</subfield>
  </datafield>
  <datafield tag="042" ind1=" " ind2=" ">
    <subfield code="a">lccopycat</subfield>
  </datafield>
  <datafield tag="048" ind1=" " ind2=" ">
    <subfield code="a">wb01</subfield>
    <subfield code="a">wz01</subfield>
    <subfield code="a">wd01</subfield>
    <subfield code="a">ke</subfield>
  </datafield>
  <datafield tag="048" ind1=" " ind2=" ">
    <subfield code="a">wb01</subfield>
    <subfield code="a">wc01</subfield>
    <subfield code="a">wd01</subfield>
    <subfield code="a">ke</subfield>
  </datafield>
  <datafield tag="048" ind1=" " ind2=" ">
    <subfield code="a">wb01</subfield>
    <subfield code="a">sa01</subfield>
    <subfield code="a">wd01</subfield>
    <subfield code="a">ke</subfield>
  </datafield>
  <datafield tag="050" ind1="0" ind2="0">
    <subfield code="a">M417</subfield>
    <subfield code="b">.H35 F maj. 2006</subfield>
  </datafield>
  <datafield tag="072" ind1=" " ind2="7">
    <subfield code="a">M</subfield>
    <subfield code="2">lcco</subfield>
  </datafield>
  <datafield tag="100" ind1="1" ind2=" ">
    <subfield code="a">Hasse, Johann Adolf,</subfield>
    <subfield code="d">1699-1783.</subfield>
  </datafield>
  <datafield tag="240" ind1="1" ind2="0">
    <subfield code="a">Concertos,</subfield>
    <subfield code="m">oboe, chalumeau, bassoon, continuo,</subfield>
    <subfield code="r">F major</subfield>
  </datafield>
  <datafield tag="245" ind1="1" ind2="0">
    <subfield code="a">Concerto F-Dur, für Oboe, Chalumeau (Klarinette, Violine), Fagott und Basso continuo /</subfield>
    <subfield code="c">Johann Adolf Hasse ; herausgegeben von Michael Hansche ; [Generalbass: Verena Zülsdorf].</subfield>
  </datafield>
  <datafield tag="260" ind1=" " ind2=" ">
    <subfield code="a">Warngau :</subfield>
    <subfield code="b">Accolade,</subfield>
    <subfield code="c">c2006.</subfield>
  </datafield>
  <datafield tag="300" ind1=" " ind2=" ">
    <subfield code="a">1 score (20 p.) + 5 parts ;</subfield>
    <subfield code="c">30 cm.</subfield>
  </datafield>
  <datafield tag="500" ind1=" " ind2=" ">
    <subfield code="a">For oboe, chalumeau (or clarinet or violin), bassoon and continuo.</subfield>
  </datafield>
  <datafield tag="500" ind1=" " ind2=" ">
    <subfield code="a">Figured bass realized for harpsichord; includes part for bass instrument.</subfield>
  </datafield>
  <datafield tag="650" ind1=" " ind2="0">
    <subfield code="a">Quartets (Bassoon, chalumeau, oboe, continuo)</subfield>
    <subfield code="v">Scores and parts.</subfield>
  </datafield>
  <datafield tag="650" ind1=" " ind2="0">
    <subfield code="a">Quartets (Bassoon, clarinet, oboe, continuo)</subfield>
    <subfield code="v">Scores and parts.</subfield>
  </datafield>
  <datafield tag="650" ind1=" " ind2="0">
    <subfield code="a">Quartets (Bassoon, oboe, violin, continuo)</subfield>
    <subfield code="v">Scores and parts.</subfield>
  </datafield>
  <datafield tag="700" ind1="1" ind2=" ">
    <subfield code="a">Hansche, Michael.</subfield>
  </datafield>
  <datafield tag="700" ind1="1" ind2=" ">
    <subfield code="a">Zülsdorf, Verena.</subfield>
  </datafield>
  <datafield tag="923" ind1=" " ind2=" ">
    <subfield code="d">20080519</subfield>
    <subfield code="n">0136324</subfield>
    <subfield code="s">93001286</subfield>
  </datafield>
</record>