
<record>
  <leader>02393cam a22003374a 4500</leader>
  <controlfield tag="001">15430649</controlfield>
  <controlfield tag="005">20200103134837.0</controlfield>
  <controlfield tag="008">080827s2009    enka     b    001 0 eng  </controlfield>
  <datafield tag="906" ind1=" " ind2=" ">
    <subfield code="a">7</subfield>
    <subfield code="b">cbc</subfield>
    <subfield code="c">orignew</subfield>
    <subfield code="d">1</subfield>
    <subfield code="e">ecip</subfield>
    <subfield code="f">20</subfield>
    <subfield code="g">y-gencatlg</subfield>
  </datafield>
  <datafield tag="925" ind1="0" ind2=" ">
    <subfield code="a">acquire</subfield>
    <subfield code="b">1 shelf copy</subfield>
    <subfield code="x">policy default</subfield>
  </datafield>
  <datafield tag="955" ind1=" " ind2=" ">
    <subfield code="a">sg08 2008-08-27</subfield>
    <subfield code="i">sg08 2008-08-27</subfield>
    <subfield code="e">sg14 2008-08-27 to Dewey</subfield>
    <subfield code="a">aa04 2008-08-29</subfield>
    <subfield code="a">xe03 2009-06-02 1 copy rec&apos;d., to CIP ver.</subfield>
    <subfield code="f">xg16 2009-06-04 Z-CipVer</subfield>
    <subfield code="g">xg16 2009-06-04 to LL</subfield>
    <subfield code="t">xg16 2009-06-18 to LL c. 2</subfield>
  </datafield>
  <datafield tag="010" ind1=" " ind2=" ">
    <subfield code="a">  2008038066</subfield>
  </datafield>
  <datafield tag="020" ind1=" " ind2=" ">
    <subfield code="a">9780521491099 (hbk.)</subfield>
  </datafield>
  <datafield tag="020" ind1=" " ind2=" ">
    <subfield code="a">0521491096 (hbk.)</subfield>
  </datafield>
  <datafield tag="020" ind1=" " ind2=" ">
    <subfield code="a">9780521756709 (pbk.)</subfield>
  </datafield>
  <datafield tag="020" ind1=" " ind2=" ">
    <subfield code="a">0521756707 (pbk.)</subfield>
  </datafield>
  <datafield tag="035" ind1=" " ind2=" ">
    <subfield code="a">(OCoLC)ocn244695396</subfield>
  </datafield>
  <datafield tag="040" ind1=" " ind2=" ">
    <subfield code="a">DLC</subfield>
    <subfield code="c">DLC</subfield>
    <subfield code="d">BTCTA</subfield>
    <subfield code="d">YDXCP</subfield>
    <subfield code="d">YDX</subfield>
    <subfield code="d">CDX</subfield>
    <subfield code="d">C#P</subfield>
    <subfield code="d">BWX</subfield>
    <subfield code="d">DLC</subfield>
  </datafield>
  <datafield tag="050" ind1="0" ind2="0">
    <subfield code="a">K543.P6</subfield>
    <subfield code="b">P76 2009</subfield>
  </datafield>
  <datafield tag="082" ind1="0" ind2="0">
    <subfield code="a">345/.0231</subfield>
    <subfield code="2">22</subfield>
  </datafield>
  <datafield tag="245" ind1="0" ind2="0">
    <subfield code="a">Prosecuting heads of state /</subfield>
    <subfield code="c">edited by Ellen L. Lutz, Caitlin Reiger.</subfield>
  </datafield>
  <datafield tag="260" ind1=" " ind2=" ">
    <subfield code="a">Cambridge ;</subfield>
    <subfield code="a">New York :</subfield>
    <subfield code="b">Cambridge University Press,</subfield>
    <subfield code="c">2009.</subfield>
  </datafield>
  <datafield tag="300" ind1=" " ind2=" ">
    <subfield code="a">xxi, 326 p. :</subfield>
    <subfield code="b">ill. ;</subfield>
    <subfield code="c">23 cm.</subfield>
  </datafield>
  <datafield tag="504" ind1=" " ind2=" ">
    <subfield code="a">Includes bibliographical references (p. 305-308) and index.</subfield>
  </datafield>
  <datafield tag="505" ind1="0" ind2=" ">
    <subfield code="a">Introduction / Ellen L. Lutz and Caitlin Reiger -- Prosecutions of heads of state in Europe / Ellen L. Lutz -- Prosecutions of heads of state in Latin America / Naomi Roht-Arriaza -- The multiple prosecutions of Augusto Pinochet / Naomi Roht-Arrizaz -- A leader takes flight : the indictment of Alberto Fujimori / Ronald Gamarra -- Charm and punishment : how the Philippines&apos; leading man became its most famous prisoner / Abby Wood -- Shifting legitimacy : the trials of Frederick Chiluba / Paul Lewis -- A justice &quot;trickle-down&quot; : Rwanda&apos;s first post-genocide president on trial / Lars Waldorf -- Justice squandered? : the trial of Slobodan Milošević / Emir Suljagić -- A big man in a small cell : Charles Taylor and the Special Court for Sierra Leone / Abdul Tejan-Cole -- Political pedagogy, Baghdad style : the Dujail trial of Saddam Hussein / Miranda Sissons and Marieke Wierda -- Conclusion / Ellen L. Lutz and Caitlin Reiger.</subfield>
  </datafield>
  <datafield tag="650" ind1=" " ind2="0">
    <subfield code="a">Trials (Political crimes and offenses)</subfield>
  </datafield>
  <datafield tag="650" ind1=" " ind2="0">
    <subfield code="a">Heads of state</subfield>
    <subfield code="x">Legal status, laws, etc.</subfield>
  </datafield>
  <datafield tag="700" ind1="1" ind2=" ">
    <subfield code="a">Lutz, Ellen L.</subfield>
  </datafield>
  <datafield tag="700" ind1="1" ind2=" ">
    <subfield code="a">Reiger, Caitlin,</subfield>
    <subfield code="d">1970-</subfield>
  </datafield>
  <datafield tag="856" ind1="4" ind2="1">
    <subfield code="3">Table of contents only</subfield>
    <subfield code="u">http://www.loc.gov/catdir/toc/ecip0827/2008038066.html</subfield>
  </datafield>
  <datafield tag="856" ind1="4" ind2="2">
    <subfield code="3">Book review (H-Net)</subfield>
    <subfield code="u">http://www.h-net.org/reviews/showrev.php?id=25583</subfield>
  </datafield>
</record>