
<record>
  <leader>01553cam a22003854a 4500</leader>
  <controlfield tag="001">15432311</controlfield>
  <controlfield tag="005">20200103192733.0</controlfield>
  <controlfield tag="008">070921s2006    gw a     c    000 0 ger  </controlfield>
  <datafield tag="906" ind1=" " ind2=" ">
    <subfield code="a">7</subfield>
    <subfield code="b">cbc</subfield>
    <subfield code="c">origres</subfield>
    <subfield code="d">3</subfield>
    <subfield code="e">ncip</subfield>
    <subfield code="f">20</subfield>
    <subfield code="g">y-gencatlg</subfield>
  </datafield>
  <datafield tag="925" ind1="0" ind2=" ">
    <subfield code="a">acquire</subfield>
    <subfield code="b">1 shelf copy</subfield>
    <subfield code="x">policy default</subfield>
  </datafield>
  <datafield tag="955" ind1=" " ind2=" ">
    <subfield code="a">of21 2008-08-28 to ASCD</subfield>
    <subfield code="i">fd06 2008-11-05</subfield>
    <subfield code="e">fd06 2008-11-05 to BCCD</subfield>
  </datafield>
  <datafield tag="010" ind1=" " ind2=" ">
    <subfield code="a">  2008459710</subfield>
  </datafield>
  <datafield tag="020" ind1=" " ind2=" ">
    <subfield code="a">9783865600844 (pbk.)</subfield>
  </datafield>
  <datafield tag="020" ind1=" " ind2=" ">
    <subfield code="a">3865600840 (pbk.)</subfield>
  </datafield>
  <datafield tag="035" ind1=" " ind2=" ">
    <subfield code="a">(OCoLC)ocn173251782</subfield>
  </datafield>
  <datafield tag="040" ind1=" " ind2=" ">
    <subfield code="a">DLC</subfield>
    <subfield code="c">DLC</subfield>
  </datafield>
  <datafield tag="041" ind1="0" ind2=" ">
    <subfield code="a">ger</subfield>
    <subfield code="a">eng</subfield>
  </datafield>
  <datafield tag="050" ind1="0" ind2="0">
    <subfield code="a">NX456.5.P38</subfield>
    <subfield code="b">B78 2006</subfield>
  </datafield>
  <datafield tag="072" ind1=" " ind2="7">
    <subfield code="a">N</subfield>
    <subfield code="2">lcco</subfield>
  </datafield>
  <datafield tag="100" ind1="1" ind2=" ">
    <subfield code="a">Brugueras, Tania.</subfield>
  </datafield>
  <datafield tag="245" ind1="1" ind2="0">
    <subfield code="a">Tania Bruguera :</subfield>
    <subfield code="b">Portraits : Kunsthalle Wien, Project Space ;  Kunsthalle zu Kiel /</subfield>
    <subfield code="c">[Herausgeber, Gerald Matt, Silvia Höller, Dirk Luckow ; Übersetzung, Wolfgang Astelbauer, Justin Morris].</subfield>
  </datafield>
  <datafield tag="260" ind1=" " ind2=" ">
    <subfield code="a">Köln :</subfield>
    <subfield code="b">König,</subfield>
    <subfield code="c">c2006.</subfield>
  </datafield>
  <datafield tag="300" ind1=" " ind2=" ">
    <subfield code="a">88 p. :</subfield>
    <subfield code="b">ill. (partly col.) ;</subfield>
    <subfield code="c">17 cm.</subfield>
  </datafield>
  <datafield tag="500" ind1=" " ind2=" ">
    <subfield code="a">Catalog of an exhibition held at the Kunsthalle Wien, Apr. 5-May 28, 2006 and at the Kunsthalle zu Kiel, July 22-Sept. 17, 2006.</subfield>
  </datafield>
  <datafield tag="650" ind1=" " ind2="0">
    <subfield code="a">Performance art</subfield>
    <subfield code="v">Exhibitions.</subfield>
  </datafield>
  <datafield tag="600" ind1="1" ind2="0">
    <subfield code="a">Bruguera, Tania,</subfield>
    <subfield code="d">1968-</subfield>
    <subfield code="v">Exhibitions.</subfield>
  </datafield>
  <datafield tag="600" ind1="1" ind2="0">
    <subfield code="a">Bruguera, Tania,</subfield>
    <subfield code="d">1968-</subfield>
    <subfield code="v">Interviews</subfield>
    <subfield code="v">Exhibitions.</subfield>
  </datafield>
  <datafield tag="650" ind1=" " ind2="0">
    <subfield code="a">Arts, Modern</subfield>
    <subfield code="y">20th century</subfield>
    <subfield code="v">Exhibitions.</subfield>
  </datafield>
  <datafield tag="650" ind1=" " ind2="0">
    <subfield code="a">Arts, Modern</subfield>
    <subfield code="y">21st century</subfield>
    <subfield code="v">Exhibitions.</subfield>
  </datafield>
  <datafield tag="700" ind1="1" ind2=" ">
    <subfield code="a">Matt, Gerald.</subfield>
  </datafield>
  <datafield tag="700" ind1="1" ind2=" ">
    <subfield code="a">Höller, Silvia,</subfield>
    <subfield code="d">1969-</subfield>
  </datafield>
  <datafield tag="700" ind1="1" ind2=" ">
    <subfield code="a">Luckow, Dirk.</subfield>
  </datafield>
  <datafield tag="710" ind1="2" ind2=" ">
    <subfield code="a">Kunsthalle Wien.</subfield>
  </datafield>
  <datafield tag="710" ind1="2" ind2=" ">
    <subfield code="a">Kunsthalle zu Kiel.</subfield>
  </datafield>
  <datafield tag="923" ind1=" " ind2=" ">
    <subfield code="d">2008-08-11</subfield>
    <subfield code="n">143928</subfield>
    <subfield code="s">93001286</subfield>
  </datafield>
</record>