
<record>
  <leader>01778cam a2200325 a 4500</leader>
  <controlfield tag="001">15433438</controlfield>
  <controlfield tag="005">20200103100756.0</controlfield>
  <controlfield tag="008">080829s2009    njua     b    001 0 eng  </controlfield>
  <datafield tag="906" ind1=" " ind2=" ">
    <subfield code="a">7</subfield>
    <subfield code="b">cbc</subfield>
    <subfield code="c">orignew</subfield>
    <subfield code="d">1</subfield>
    <subfield code="e">ecip</subfield>
    <subfield code="f">20</subfield>
    <subfield code="g">y-gencatlg</subfield>
  </datafield>
  <datafield tag="925" ind1="0" ind2=" ">
    <subfield code="a">acquire</subfield>
    <subfield code="b">1 shelf copy</subfield>
    <subfield code="x">policy default</subfield>
  </datafield>
  <datafield tag="955" ind1=" " ind2=" ">
    <subfield code="a">sf17 2008-08-29</subfield>
    <subfield code="c">sf17 2008-08-29</subfield>
    <subfield code="a">sf22 2008-09-02 to Law</subfield>
    <subfield code="d">sg08 2008-09-03</subfield>
    <subfield code="e">sg25 2008-09-03 to Dewey</subfield>
    <subfield code="a">aa20 2008-09-08</subfield>
    <subfield code="a">xg13 2010-03-01 2 copies rec&apos;d., to CIP ver.</subfield>
    <subfield code="f">xg11 2010-03-04 Z-CipVer, copies 1-2 to LL</subfield>
  </datafield>
  <datafield tag="010" ind1=" " ind2=" ">
    <subfield code="a">  2008037719</subfield>
  </datafield>
  <datafield tag="020" ind1=" " ind2=" ">
    <subfield code="a">9780691129525 (hardcover : alk. paper)</subfield>
  </datafield>
  <datafield tag="020" ind1=" " ind2=" ">
    <subfield code="a">0691129525 (hardcover : alk. paper)</subfield>
  </datafield>
  <datafield tag="035" ind1=" " ind2=" ">
    <subfield code="a">(OCoLC)ocn247439716</subfield>
  </datafield>
  <datafield tag="040" ind1=" " ind2=" ">
    <subfield code="a">DLC</subfield>
    <subfield code="c">DLC</subfield>
    <subfield code="d">BTCTA</subfield>
    <subfield code="d">YDXCP</subfield>
    <subfield code="d">C#P</subfield>
    <subfield code="d">CDX</subfield>
    <subfield code="d">BWX</subfield>
    <subfield code="d">RCJ</subfield>
    <subfield code="d">DLC</subfield>
  </datafield>
  <datafield tag="050" ind1="0" ind2="0">
    <subfield code="a">K5001</subfield>
    <subfield code="b">.N65 2009</subfield>
  </datafield>
  <datafield tag="082" ind1="0" ind2="0">
    <subfield code="a">345/.05</subfield>
    <subfield code="2">22</subfield>
  </datafield>
  <datafield tag="100" ind1="1" ind2=" ">
    <subfield code="a">Nolan, James L.,</subfield>
    <subfield code="c">Jr.</subfield>
  </datafield>
  <datafield tag="245" ind1="1" ind2="0">
    <subfield code="a">Legal accents, legal borrowing :</subfield>
    <subfield code="b">the international problem-solving court movement /</subfield>
    <subfield code="c">James L. Nolan, Jr.</subfield>
  </datafield>
  <datafield tag="260" ind1=" " ind2=" ">
    <subfield code="a">Princeton :</subfield>
    <subfield code="b">Princeton University Press,</subfield>
    <subfield code="c">c2009.</subfield>
  </datafield>
  <datafield tag="300" ind1=" " ind2=" ">
    <subfield code="a">x, 250 p. :</subfield>
    <subfield code="b">ill. ;</subfield>
    <subfield code="c">24 cm.</subfield>
  </datafield>
  <datafield tag="504" ind1=" " ind2=" ">
    <subfield code="a">Includes bibliographical references (p. [235]-242) and index.</subfield>
  </datafield>
  <datafield tag="505" ind1="0" ind2=" ">
    <subfield code="a">Problem solving and courts of law -- Law and culture in comparative perspective -- Anglo-American alternatives : England and the United States -- Commonwealth contrasts : Canada and Australia -- Devolution and difference : Scotland and Ireland -- American exceptionalism -- Ambivalent anti-Americanism -- Building confidence, justifying justice.</subfield>
  </datafield>
  <datafield tag="650" ind1=" " ind2="0">
    <subfield code="a">Criminal justice, Administration of.</subfield>
  </datafield>
  <datafield tag="650" ind1=" " ind2="0">
    <subfield code="a">Dispute resolution (Law)</subfield>
  </datafield>
  <datafield tag="650" ind1=" " ind2="0">
    <subfield code="a">Alternative convictions.</subfield>
  </datafield>
  <datafield tag="650" ind1=" " ind2="0">
    <subfield code="a">Restorative justice.</subfield>
  </datafield>
  <datafield tag="650" ind1=" " ind2="0">
    <subfield code="a">Law</subfield>
    <subfield code="x">American influences.</subfield>
  </datafield>
  <datafield tag="856" ind1="4" ind2="1">
    <subfield code="3">Table of contents only</subfield>
    <subfield code="u">http://www.loc.gov/catdir/toc/ecip0827/2008037719.html</subfield>
  </datafield>
</record>