
<record>
  <leader>02679ccm a22005654a 4500</leader>
  <controlfield tag="001">15530319</controlfield>
  <controlfield tag="005">20200103131021.0</controlfield>
  <controlfield tag="008">081120s2007    ne dva|  ehi   n  | zxx  </controlfield>
  <datafield tag="906" ind1=" " ind2=" ">
    <subfield code="a">7</subfield>
    <subfield code="b">cbc</subfield>
    <subfield code="c">origres</subfield>
    <subfield code="d">3</subfield>
    <subfield code="e">ncip</subfield>
    <subfield code="f">20</subfield>
    <subfield code="g">y-genmusic</subfield>
  </datafield>
  <datafield tag="925" ind1="0" ind2=" ">
    <subfield code="a">acquire</subfield>
    <subfield code="b">2 shelf copies</subfield>
    <subfield code="x">policy default</subfield>
  </datafield>
  <datafield tag="955" ind1=" " ind2=" ">
    <subfield code="i">vk79 2009-02-12</subfield>
    <subfield code="e">vl34 2009-02-20 4 v. to Music Division</subfield>
    <subfield code="a">Barcode 00202873807 returned from bindery 2010-08-06</subfield>
    <subfield code="a">Barcode 00202873819 returned from bindery 2010-08-06</subfield>
    <subfield code="a">Barcode 00202873790 returned from bindery 2010-08-06</subfield>
    <subfield code="a">Barcode 00285971329 returned from bindery 2010-08-06</subfield>
  </datafield>
  <datafield tag="010" ind1=" " ind2=" ">
    <subfield code="a">  2008474137</subfield>
  </datafield>
  <datafield tag="024" ind1="2" ind2=" ">
    <subfield code="z">M6940001650307</subfield>
    <subfield code="c">(I-III)</subfield>
  </datafield>
  <datafield tag="024" ind1="2" ind2=" ">
    <subfield code="z">M6940001720308</subfield>
    <subfield code="c">(IV-VI)</subfield>
  </datafield>
  <datafield tag="024" ind1="2" ind2=" ">
    <subfield code="z">M6940001890401</subfield>
    <subfield code="c">(VII-XI)</subfield>
  </datafield>
  <datafield tag="024" ind1="2" ind2=" ">
    <subfield code="z">M6940001960402</subfield>
    <subfield code="c">(XII-XIV)</subfield>
  </datafield>
  <datafield tag="028" ind1="2" ind2="2">
    <subfield code="a">F.E. 0307 A</subfield>
    <subfield code="b">Floricor Editions</subfield>
  </datafield>
  <datafield tag="028" ind1="2" ind2="2">
    <subfield code="a">F.E. 0307 B</subfield>
    <subfield code="b">Floricor Editions</subfield>
  </datafield>
  <datafield tag="028" ind1="2" ind2="2">
    <subfield code="a">F.E. 0308 A</subfield>
    <subfield code="b">Floricor Editions</subfield>
  </datafield>
  <datafield tag="028" ind1="2" ind2="2">
    <subfield code="a">F.E. 0308 B</subfield>
    <subfield code="b">Floricor Editions</subfield>
  </datafield>
  <datafield tag="028" ind1="2" ind2="2">
    <subfield code="a">F.E. 0401 A</subfield>
    <subfield code="b">Floricor Editions</subfield>
  </datafield>
  <datafield tag="028" ind1="2" ind2="2">
    <subfield code="a">F.E. 0401 B</subfield>
    <subfield code="b">Floricor Editions</subfield>
  </datafield>
  <datafield tag="028" ind1="2" ind2="2">
    <subfield code="a">F.E. 0402 A</subfield>
    <subfield code="b">Floricor Editions</subfield>
  </datafield>
  <datafield tag="028" ind1="2" ind2="2">
    <subfield code="a">F.E. 0402 B</subfield>
    <subfield code="b">Floricor Editions</subfield>
  </datafield>
  <datafield tag="028" ind1="3" ind2="2">
    <subfield code="a">0307 A</subfield>
    <subfield code="b">Floricor Editions</subfield>
  </datafield>
  <datafield tag="028" ind1="3" ind2="2">
    <subfield code="a">0308 A</subfield>
    <subfield code="b">Floricor Editions</subfield>
  </datafield>
  <datafield tag="028" ind1="3" ind2="2">
    <subfield code="a">0401 A</subfield>
    <subfield code="b">Floricor Editions</subfield>
  </datafield>
  <datafield tag="028" ind1="3" ind2="2">
    <subfield code="a">0402 A</subfield>
    <subfield code="b">Floricor Editions</subfield>
  </datafield>
  <datafield tag="040" ind1=" " ind2=" ">
    <subfield code="a">DLC</subfield>
    <subfield code="c">DLC</subfield>
  </datafield>
  <datafield tag="041" ind1="0" ind2=" ">
    <subfield code="g">eng</subfield>
  </datafield>
  <datafield tag="050" ind1="0" ind2="0">
    <subfield code="a">M3.1.F53</subfield>
    <subfield code="b">D5 2007</subfield>
  </datafield>
  <datafield tag="100" ind1="1" ind2=" ">
    <subfield code="a">Fiala, Joseph,</subfield>
    <subfield code="d">1748-1816.</subfield>
  </datafield>
  <datafield tag="240" ind1="1" ind2="0">
    <subfield code="a">Divertimenti.</subfield>
    <subfield code="k">Selections</subfield>
  </datafield>
  <datafield tag="245" ind1="1" ind2="0">
    <subfield code="a">Divertimenti /</subfield>
    <subfield code="c">Joseph Fiala.</subfield>
  </datafield>
  <datafield tag="250" ind1=" " ind2=" ">
    <subfield code="a">1st critical ed. /</subfield>
    <subfield code="b">by Bastiaan Blomhert.</subfield>
  </datafield>
  <datafield tag="260" ind1=" " ind2=" ">
    <subfield code="a">Den Haag :</subfield>
    <subfield code="b">Floricor Editions,</subfield>
    <subfield code="c">[2007]</subfield>
  </datafield>
  <datafield tag="300" ind1=" " ind2=" ">
    <subfield code="a">1 score (4 v.) + parts (4 v.) ;</subfield>
    <subfield code="c">30 cm.</subfield>
  </datafield>
  <datafield tag="500" ind1=" " ind2=" ">
    <subfield code="a">Pref. and critical notes in English.</subfield>
  </datafield>
  <datafield tag="500" ind1=" " ind2=" ">
    <subfield code="a">Sextets and septets for various combinations of wind instruments; includes alternate instrumental parts for some.</subfield>
  </datafield>
  <datafield tag="500" ind1=" " ind2=" ">
    <subfield code="a">I-III -- IV-VI -- VII-XI -- XII-XIV.</subfield>
  </datafield>
  <datafield tag="650" ind1=" " ind2="0">
    <subfield code="a">Wind septets (Bassoons (2), English horns (2), horns (3))</subfield>
    <subfield code="v">Scores and parts.</subfield>
  </datafield>
  <datafield tag="650" ind1=" " ind2="0">
    <subfield code="a">Wind septets (Bassoons (2), clarinets (2), horns (3))</subfield>
    <subfield code="v">Scores and parts.</subfield>
  </datafield>
  <datafield tag="650" ind1=" " ind2="0">
    <subfield code="a">Wind sextets (Bassoons (2), horns (2), oboes (2))</subfield>
    <subfield code="v">Scores and parts.</subfield>
  </datafield>
  <datafield tag="650" ind1=" " ind2="0">
    <subfield code="a">Wind septets (Bassoon, clarinets (2), English horns (2), horns (2))</subfield>
    <subfield code="v">Scores and parts.</subfield>
  </datafield>
  <datafield tag="650" ind1=" " ind2="0">
    <subfield code="a">Wind septets (Bassoon, clarinets (4), horns (2))</subfield>
    <subfield code="v">Scores and parts.</subfield>
  </datafield>
  <datafield tag="650" ind1=" " ind2="0">
    <subfield code="a">Wind septets (Clarinets (5), horns (2))</subfield>
    <subfield code="v">Scores and parts.</subfield>
  </datafield>
  <datafield tag="650" ind1=" " ind2="0">
    <subfield code="a">Wind septets (Clarinets (3), English horns (2), horns (2))</subfield>
    <subfield code="v">Scores and parts.</subfield>
  </datafield>
  <datafield tag="650" ind1=" " ind2="0">
    <subfield code="a">Wind septets (Bassoon, clarinets (2), horns (2), oboes (2))</subfield>
    <subfield code="v">Scores and parts.</subfield>
  </datafield>
  <datafield tag="700" ind1="1" ind2=" ">
    <subfield code="a">Blomhert, Bastiaan.</subfield>
  </datafield>
  <datafield tag="923" ind1=" " ind2=" ">
    <subfield code="d">20081103</subfield>
    <subfield code="n">0151866</subfield>
    <subfield code="s">93001286</subfield>
  </datafield>
</record>